1961 3338
632 229 993 288 ...1OE—

110 360 308 417 exempla
331 355 439 401 scite
466 353 522 398 ab
550 353 653 398 aliis
692 355 834 398 electa
866 355 1040 412 suisque
1074 355 1185 398 locis
1223 353 1415 408 subjecta
1458 367 1526 397 es-

107 439 215 489 sent,
243 444 297 475 ea
322 428 505 485 servare
536 424 594 480 ²).·
628 427 772 479 Quare
798 427 881 470 vix
906 427 1110 479 adducor,
1137 431 1185 469 ut
1211 427 1429 470 assentiar
1453 427 1525 479 iis,

107 506 179 563 qui
206 498 435 548 Cornificio
463 498 629 543 auctori
655 499 964 551 Quintilianum
997 498 1234 543 Rhetorica
1269 498 1325 542 ad
1360 500 1524 542 Heren-

105 571 489 620 niumvindicasse
518 576 736 615 censeant.

185 647 341 691 Restat
365 642 514 698 igitur,
539 647 603 686 ut
623 644 717 700 quis
747 641 913 688 fuerit·
926 643 1203 698 Quintiliano,
1241 643 1315 699 qui
1340 641 1526 686 scholas

104 716 334 762 tradiderit
363 715 573 769 Ciceroni,
601 715 885 769 conjiciamus.
930 719 1127 772 >Namque
1166 717 1393 771 ignorasse
1431 728 1526 758 eum

103 787 307 835 metaris
333 799 498 841 nomen,
524 784 706 843 indeque
734 787 951 830 silentium
985 788 1261 844 repetendum
1297 800 1405 840 esse,
1444 786 1526 828 vix

104 859 310 903 credibile
339 863 418 901 est.
447 858 826 902 considerantibus
853 863 1005 912 autem,
1033 873 1062 902 a
1076 860 1354 911 Quintiliano
1383 871 1522 914 neque

103 931 246 988 operis
274 930 540 974 Herenniani
565 931 820 975 mentionem
845 932 1015 985 factam,
1053 944 1190 989 neque
1231 932 1420 976 auctoris
1446 944 1524 974 no-

102 1016 199 1047 men
224 1007 497 1051 memoratum
523 1016 621 1046 esse
650 1002 700 1057 2),
728 1004 1085 1046 verisimillimum
1122 1004 1295 1047 videtur
1321 1009 1525 1056 statuere,

103 1088 265 1120 omnem
292 1075 335 1118 ei
363 1076 416 1119 de
445 1076 619 1120 illorum
644 1064 855 1119 librorum
879 1076 985 1119 fatis
1023 1075 1249 1120 historiam
1286 1077 1395 1121 bene
1426 1088 1526 1131 cog-

102 1136 237 1191 nitam
278 1147 427 1201 fuisse,
460 1161 541 1190 nec
575 1148 755 1190 latuisse
793 1161 888 1213 eum
922 1161 1072 1191 verum
1107 1153 1324 1191 auctorem
1357 1148 1528 1195 Aelium

104 1220 328 1274 Stilonem,
370 1219 592 1264 Ciceronis
638 1219 808 1263 dicendi
844 1224 1180 1276 praeceptorem.
1246 1222 1382 1272 Quum
1417 1232 1524 1262 vero

101 1304 229 1334 unum
283 1291 467 1334 maxime
522 1290 771 1335 Ciceronem
815 1292 1113 1345 admiratam,
1167 1285 1359 1334 noluisse
1413 1291 1528 1334 hunc

105 1362 244 1420 plag-ii
270 1375 391 1406 reum
417 1363 577 1417 facere,
601 1363 648 1406 in
677 1361 796 1418 cujus
824 1364 992 1418 culpam
1019 1363 1265 1418 imprudens
1292 1363 1530 1406 incidisset.

104 1436 216 1478 Hinc
243 1436 543 1489 explicandum
569 1436 760 1486 videtur,
788 1448 921 1491 quare
950 1436 1325 1478 commemorandis
1361 1436 1529 1479 Heren-

104 1507 247 1550 nianis
274 1507 414 1561 libris,
435 1508 627 1563 quamvis
654 1507 701 1550 in
721 1507 933 1550 consimili
956 1511 1206 1564 argumento
1229 1508 1402 1564 saepius
1429 1519 1533 1551 ver-

104 1583 236 1633 satus,
264 1579 532 1623 abstinuerit.
557 1580 801 1623 Verebatur
832 1580 955 1633 enim,
982 1593 1037 1622 nc
1066 1580 1163 1636 ipsa
1188 1580 1528 1624 commemoratio

103 1653 283 1706 faceret,
310 1656 371 1694 ut·
387 1653 500 1708 quod
526 1653 582 1695 ad
610 1652 834 1696 Ciceronis
870 1652 1116 1696 memoriam
1149 1652 1288 1695 minus
1324 1651 1530 1696 honorifi-

110 1720 202 1768 cum
230 1725 425 1769 accidere
452 1729 612 1781 posset,
640 1727 909 1781 vulgaretur.

189 1796 527 1853 Simplicissime‚
555 1802 604 1840 ut
644 1798 810 1853 opinor,
846 1810 974 1853 spero
1011 1797 1116 1840 item
1152 1810 1271 1850 vere,
1306 1796 1419 1839 hanc
1454 1798 1530 1839 du-

105 1869 261 1925 plicem
288 1870 340 1911 de
369 1869 591 1912 Ciceronis
619 1869 865 1912 Rhetoricis
894 1873 938 1912 et
975 1869 1268 1920 Quintilianeo
1311 1869 1365 1911 de
1400 1870 1530 1912 libris

104 1942 393 1985 Herennianis
436 1942 610 1985 silentio
658 1942 949 1998 quaestionem
992 1942 1212 1985 solvimus.
1266 1943 1427 1998 Neque,
1460 1940 1531 1984 his

105 2014 361 2068 constitutis,
389 2014 559 2057 dubium
587 2014 770 2068 amplius
799 2015 897 2068 erit,
934 2014 991 2056 ad
1018 2027 1141 2070 quem
1168 2014 1345 2057 circiter
1372 2027 1527 2057 annum

156 2161 189 2216 ¹)
216 2158 323 2202 Hinc
348 2157 519 2201 subinde
548 2157 685 2217 Quint.
714 2157 898 2214 exempla
924 2161 1103 2214 usurpat,
1134 2171 1238 2213 quae
1265 2159 1305 2200 in
1333 2158 1447 2200 libris
1476 2160 1530 2203 ad

214 2214 459 2258 Herennium
487 2204 745 2270 reperiu'htur.
779 2214 833 2255 V.
861 2229 894 2256 c.
923 2214 996 2256 lx.
1024 2214 1063 2256 3.
1095 2213 1178 2262 Qui
1201 2220 1308 2263 sunt,
1344 2217 1416 2271 qui
1436 2218 1524 2270 foe-

217 2273 321 2312 dera
355 2284 480 2324 saepe
511 2272 740 2324 ruperunt?
979 2272 1151 2311 infensas
1188 2271 1273 2311 rell
1313 2271 1433 2313 Auct.
1471 2273 1524 2314 ad

215 2324 587 2369 Her.1v.14.-
614 2324 749 2376 Quint.
788 2324 886 2368 lbid.
1205 2326 1330 2367 ndum
1372 2333 1445 2376 est,
1492 2330 1531 2369 si

215 2387 381 2422 curetur
408 2395 460 2425 ne
612 2383 709 2422 imit
735 2383 877 2423 amari.
905 2383 1027 2422 Auct.
1157 2382 1221 2421 14
1250 2382 1317 2424 21.

151 2438 185 2492 2)
212 2435 377 2485 Nescio,
405 2437 472 2492 qui
529 2436 645 2478 nobis
674 2440 790 2478 canat
817 2435 927 2478 Hier.
956 2435 1182 2492 Capidurus
1211 2436 1263 2477 ad
1290 2437 1464 2481 Herenn.
1493 2441 1525 2482 Ι.

217 2494 280 2536 12.
321 2495 395 2537 Ea:
429 2493 695 2535 translatione
722 2494 997 2534 controversia
1024 2494 1217 2534 nascitur.
1271 2493 1382 2541 „Sed
1410 2494 1527 2548 quale

212 2548 429 2605 judicium
426 2539 489 2590 de
517 2548 582 2590 his
610 2549 722 2590 libris
758 2549 962 2590 Ciceronis
998 2548 1195 2596 habuerit,
1232 2562 1357 2603 supra
1392 2550 1524 2590 retuli-

214 2618 330 2647 mus·
357 2619 383 2646 a
408 2604 557 2654 Quinto
585 2604 706 2646 fratre
732 2605 993 2646 submissitios
1020 2604 1119 2646 dixit
1147 2603 1353 2661 appellari.
1354 2612 1378 2633 “
1414 2603 1520 2648 Nus-

213 2673 333 2717 quam
360 2660 401 2702 id
428 2661 536 2716 apud
561 2659 849 2710 Quintilianum
875 2661 1082 2703 invenitur.
