1961 3338
1427 265 1546 314 ‘vn

119 389 255 435 quam,
281 384 387 417 vere
414 372 463 412 ut
490 368 639 423 dicam,
676 381 765 417 non
801 373 889 413 tam
914 368 1118 426 propriae
1145 381 1269 425 quam
1304 372 1555 411 communes·

119 463 390 512 videbantur,
418 456 474 500 ad
499 456 725 501 literarum
751 457 958 500 videlicet
983 460 1030 500 et
1055 457 1113 500 ad
1138 455 1415 515 humanitatis
1444 452 1535 498 stu÷

118 554 203 605 dia,
221 560 328 605 quae
354 550 402 588 tu
431 545 639 588 alacriter
665 546 894 601 profiteriS,
920 559 1004 601 ego
1033 559 1140 589 vero
1168 545 1339 588 assidue
1370 524 1415 587 et
1441 556 1536 586 cum

115 640 335 692 voluptate
364 636 472 687 colo,
498 635 778 689 pertinentes.
805 635 1026 690 Agebatur
1052 636 1106 677 de
1133 628 1197 689 re,
1216 647 1326 691 quae
1355 633 1538 676 omnium

113 725 293 783 quidem,
321 723 472 778 quibus
501 723 734 777 antiquitas
762 736 865 766 cara
891 727 970 777 est,
996 719 1192 777 interest,
1214 726 1367 765 nostra
1393 725 1536 764 tamen

109 818 340 870 propterea
355 811 504 865 magis,
526 824 606 866 quo
632 810 896 866 conjunctior
913 790 1006 854 cuni
1014 812 1235 855 Ciceronis
1252 812 1426 866 scriptis
1446 811 1536 853 dis-

111 901 297 957 ceptatio
312 900 551 943 videbatur.
567 901 748 954 Etenim,
759 913 1006 956 quocunque
1013 901 1109 942 loco
1123 900 1306 944 libriilli
1315 900 1534 942 Herennio

111 988 313 1045 inscripti
333 988 514 1034 eruditis
532 991 579 1037 et
607 987 747 1031 habiti
773 991 875 1040 sunt
901 991 946 1031 et
972 986 1170 1041 habendi,
1190 999 1278 1030 non
1304 988 1536 1042 negabitur

113 1081 248 1131 certe,
275 1078 374 1132 plus
400 1076 624 1119 habituros
651 1077 865 1129 momenti,
898 1076 939 1118 si
966 1080 1136 1118 constet
1163 1077 1216 1119 ab
1247 1089 1298 1117 eo
1328 1075 1533 1129 conditos,

113 1178 238 1221 quem
256 1163 501 1211 rhetoricae
530 1165 639 1208 artis
665 1160 914 1221 magistrum
943 1163 1096 1208 Cicero
1122 1162 1284 1208 habuit.
1312 1165 1460 1220 ltaque
1490 1166 1535 1206 et

49 1268 52 1271 ·
115 1253 244 1308 culpa
269 1253 381 1308 apud
407 1257 450 1295 te
480 1266 639 1295 vacare
666 1266 733 1298 me
763 1253 963 1308 intelligo
993 1257 1038 1294 et
1064 1265 1174 1294 vero
1202 1253 1403 1294 lubenter
1438 1253 1534 1307 ipse

107 1342 289 1397 impensi
327 1342 492 1385 laboris
528 1341 794 1395 reminiscor,
834 1342 1030 1397 quoniam
1058 1342 1274 1402 invitabat
1302 1341 1440 1383 denuo
1481 1341 1538 1383 ad

105 1429 335 1483 legendum
364 1428 625 1471 Ciceronem.
680 1429 802 1470 Hunc
831 1432 971 1471 autem
987 1414 1044 1471 *in
1072 1428 1171 1471 sinu
1204 1429 1348 1481 foveo,
1375 1428 1422 1470 in
1449 1426 1533 1471 hoc

106 1514 320 1556 assidam
347 1526 413 1554 me
443 1526 538 1562 esse
568 1514 702 1566 cupio,
729 1513 841 1555 hunc
865 1515 1246 1582 peregrinationis,
1283 1515 1531 1557 rusticatio-

106 1603 187 1656 niS,
215 1603 333 1645 vitae
361 1602 546 1663 denique
574 1602 733 1645 socium
762 1606 931 1657 expeto.
979 1597 1189 1667 'Quodque
1228 1603 1412 1658 singulis
1442 1604 1531 1646 sin-

103 1691 250 1747 gulari
297 1686 342 1734 et
387 1689 588 1747 cujusque
633 1694 817 1733 naturae
861 1694 1147 1734 consentaneo
1191 1691 1315 1734 modo
1363 1691 1531 1735 Seneca

104 1779 252 1831 suasit,
279 1765 326 1820 id
352 1777 455 1820 mihi
484 1778 535 1820 de
566 1777 773 1821 Cicerone
802 1760 980 1821 {valebit
1012 1821 1014 1823 ,
1036 1777 1202 1830 Certis,
1232 1779 1306 1831 ait,
1335 1781 1530 1834 ingeniis

103 1866 331 1908 iinmorari
358 1868 404 1907 et
429 1865 643 1907 innutriri
671 1850 861 1919 oportet,
887 1866 931 1907 si
970 1863 1084 1908 velis
1125 1863 1296 1920 aliquid
1332 1865 1528 1917 trahere,

103 1951 219 2010 quod
243 1954 293 1995 in
321 1954 467 1994 anirno
494 1945 687 2005 fideliter
712 1951 876 1995 sedeat.
910 1950 1143 2011 Nusquam
1169 1957 1238 1995 est
1265 1955 1340 2008 qai
1368 1951 1532 2010 ubique

103 2044 186 2084 est.
238 2038 295 2083 In
330 2042 690 2096 peregrinatione
725 2039 956 2096 ayentibus
992 2040 1079 2085 hoc
1117 2043 1276 2093 evenit,
1313 2045 1362 2084 ut
1388 2039 1528 2084 multa

101 2105 296 2184 hospitia
323 2127 531 2180 habeant,
556 2127 709 2172 nullas
737 2130 975 2171 amicitias.
989 2126 1123 2171 ‘Idem
1142 2128 1321 2171 aecidat
1339 2140 1530 2172 necesse

101 2220 169 2259 est
207 2218 286 2268 iis,
321 2219 397 2277 qui
435 2215 606 2259 nullius
641 2228 694 2259 se
731 2217 907 2272 inqenio
949 2196 1240 2269 familiariter
1276 2214 1529 2271 applicant,

99 2301 180 2345 sed
206 2304 353 2346 omnia
381 2304 551 2346 cursim
577 2306 621 2346 et
645 2306 941 2358 properantes
966 2304 1289 2346 tran-mittunt.

183 2416 353 2460 Erimus
381 2419 517 2473 igitur
543 2416 588 2459 οὗ
614 2420 687 2459 ταῖν
716 2416 909 2471 ἐμούντων,
929 2417 1020 2458 ἀλλὰ
1049 2419 1123 2458 τῶν
1150 2417 1411 2472 οἷκρὶβοῦντων,
1438 2416 1526 2459 οὐδὲ

96 2504 169 2544 τῶν
197 2506 478 2557 ἐπιδημούντων,
505 2506 597 2547 om&
624 2492 697 2547 τοῖν
725 2506 957 2547 ἐνοικούντων
982 2506 1044 2546 καὶ
1070 2508 1383 2558 ἐμφυτευθέντων.
1446 2506 1527 2547 Hic

97 2595 238 2634 autem
266 2594 664 2646 praestantissimus
694 2593 779 2636 erit
806 2596 1033 2649 perceptae
1063 2593 1317 2648 disciplinae
1347 2594 1525 2649 fructus,

95 2692 182 2723 non
212 2683 261 2722 ut
289 2693 382 2724 cum
410 2683 556 2725 multis
584 2682 784 2725 confundi
811 2695 890 2725 nos
928 2682 1151 2737 patiamur,
1190 2683 1262 2740 qui
1301 2682 1413 2725 scire
1453 2696 1527 2724 ve-
