1961 3338
112 770 116 773 .
174 734 254 778 His
281 733 346 775 ita
373 731 426 774 de
452 731 672 788 utriusque
700 732 789 774 viri
816 732 910 775 vita
945 733 1167 787 expositis,
1201 732 1419 788 pergimus
1455 733 1510 775 ad

94 806 313 849 doctrinae
340 804 520 857 laudem,
549 817 632 860 qua
657 804 829 860 proprie
869 806 1181 851 excelluerunt.
1227 797 1512 856 'Quemadmo-

94 879 191 920 dum
234 881 279 920 et
329 889 358 919 a
408 877 560 932 quibus
596 877 786 920 instituti
828 877 930 930 sint,
961 878 1093 932 plane
1131 878 1178 920 in
1213 878 1394 921 obscuro
1430 881 1513 920 est.

87 942 304 996 Dicuntur
332 950 471 990 autem
498 946 623 991 multi
648 959 707 992 ac
731 949 850 991 varii
876 951 920 991 et
954 949 1002 990 in
1039 947 1246 991 doctr-tm:
1281 953 1325 991 et
1357 951 1407 991 iu
1440 960 1512 991 re-

92 1017 275 1075 publica
301 1030 413 1062 usus
439 1016 593 1072 fuisset
616 1017 664 1072 ²).
720 1019 814 1074 Hac
849 1018 1013 1074 duplici
1046 1019 1175 1061 laude
1209 1019 1515 1075 intellig-untur

95 1091 238 1135 studia
265 1090 575 1139 Grammaticae
604 1094 650 1132 et
675 1089 947 1143 Rhetoricae,
973 1089 1022 1131 in
1049 1092 1224 1145 quarum
1248 1090 1518 1145 disciplinam
1547 1133 1551 1137 ,

90 1162 358 1218 juventutem
383 1163 613 1208 Romanam
640 1162 918 1218 accipiebant.
954 1163 1061 1205 Num
1087 1162 1301 1217 publicam
1328 1161 1519 1205 scholam

97 1235 358 1288 aperuerint,
385 1235 432 1277 in
461 1246 583 1289 quam
609 1229 805 1276 inercede
844 1234 986 1290 quivis
1023 1234 1330 1288 admitteretur,
1364 1234 1518 1277 merito

97 1305 347 1359 dubitamuS,
376 1305 571 1361 quoniam
598 1318 628 1348 a
652 1304 859 1349 Suetonio
884 1318 972 1348 non
1006 1305 1055 1348 in
1092 1305 1266 1348 illorum
1301 1317 1520 1348 numerum

96 1378 356 1430 referuntur,
395 1377 476 1432 qui⁴
502 1376 690 1419 docendo
733 1377 888 1420 famam
936 1377 1021 1420 sibi
1061 1381 1434 1432 comparaverunt3
1471 1377 1521 1419 in

100 1450 251 1504 quibus
276 1449 476 1503 princeps
503 1448 557 1491 ab
586 1461 637 1490 eo
664 1448 840 1503 ponitur
865 1447 1051 1492 Saevius
1078 1449 1268 1491 Nicanor
1282 1447 1333 1502 2).
1360 1449 1523 1492 Viden-

99 1525 171 1563 tur
207 1520 291 1565 sibi
326 1519 589 1575 potissimum
621 1517 850 1567 cultiorissss
862 1521 1037 1576 generis
1082 1520 1315 1576 discipulos
1354 1520 1524 1577 quaesi-

101 1592 232 1646 visse,
261 1603 436 1647 quorum
461 1590 675 1638 institutio
705 1604 756 1634 eo
783 1593 936 1634 valere
965 1592 1155 1647 deberet,
1186 1597 1235 1634 ut
1261 1594 1337 1635 vel
1364 1593 1420 1635 ad
1447 1604 1537 1651 geg·

100 1665 278 1707 rendam
303 1664 608 1720 rempublicam
635 1667 679 1706 et
707 1664 762 1706 ad
788 1664 923 1709 vitam
949 1665 1178 1718 forensem,
1204 1665 1281 1707 vel
1308 1663 1364 1707 ad
1380 1664 1525 1726 ›bona-

101 1749 194 1779 rum
221 1736 445 1779 literarum
463 1736 623 1780 studia
655 1736 906 1793 praeparati
933 1737 1200 1779 accederent.
1256 1738 1527 1792 Quapropter

104 1809 244 1862 credo,
284 1812 332 1850 ut
371 1808 478 1851 satis
511 1809 711 1851 facerent
746 1808 1012 1864 singulorum
1048 1809 1353 1864 discipulorum
1387 1809 1528 1852 indoli

104 1894 155 1929 ac
191 1880 417 1935 voluntati,
456 1880 644 1929 diversis
682 1894 756 1923 eos
808 1881 1068 1938 temporibus
1109 1880 1436 1924 Grammaticus!
1482 1885 1529 1923 et

105 1952 379 1998 Rhetoricam
424 1953 631 2015 docuisse,
671 1953 1018 2007 vquemadmodum
1054 1954 1114 1995 Μ.
1160 1953 1405 1995 Antonium·
1422 1953 1529 1996 Gni-

104 2024 287 2080 phonem
312 2023 563 2077 instituisse,
591 2022 788 2068 Suetonii
815 2025 953 2069 verba
979 2024 1205 2068 declarant
1234 2022 1283 2078 ³).
1311 2024 1384 2068 Ex
1410 2023 1528 2068 Aelii

106 2095 329 2151 discipulis
357 2095 439 2138 duo
474 2095 670 2148 maxime,
708 2095 785 2137 sed
821 2108 846 2137 e
874 2096 1052 2138 diversa
1078 2096 1306 2149 disciplina
1332 2096 1432 2149 viri,
1458 2096 1528 2138 in-

106 2169 366 2220 claruerunt,
393 2167 533 2210 Varro
563 2169 607 2208 et
635 2165 806 2218 Cicero3
833 2166 956 2210 illum
982 2166 1030 2210 in
1056 2167 1212 2221 literis,
1239 2165 1353 2209 hunc
1387 2167 1435 2210 in
1464 2168 1531 2210 di-

107 2240 232 2282 cendi
256 2239 425 2283 ratione
455 2238 655 2281 erudivit.
683 2239 870 2295 Uterque
899 2238 999 2294 quid
1019 2238 1073 2282 de
1089 2239 1295 2293 magistro
1312 2240 1531 2294 retulerit,

95 2313 356 2360 videbimus.
383 2311 473 2356 Sed
497 2316 669 2354 monent
695 2325 775 2356 nos
803 2312 939 2355 verba
953 2311 1161 2365 Suetonii,
1186 2314 1244 2364 ut,
1260 2324 1384 2366 quam
1400 2325 1532 2367 supra

110 2384 257 2427 exorsi
286 2396 426 2427 sumus
455 2385 508 2427 de
538 2383 848 2429 armenicae
885 2384 1039 2428 studiis
1078 2384 1424 2440 disputationem,
1457 2384 1530 2428 bic

91 2456 94 2458 ’
104 2454 193 2510 jam
220 2456 340 2510 prius
368 2457 652 2498 absolvamus.

157 2573 196 2680 ἒξ
221 2572 337 2669 {uela
356 2572 391 2668 ἐ.
417 2574 445 2616 l.
473 2575 535 2619 Cf.
562 2575 754 2631 Suringar
780 2575 860 2630 Op.
886 2575 914 2619 l.
941 2574 1034 2616 Vol.
1063 2577 1095 2619 1.
1121 2588 1162 2630 Ρ.
1191 2575 1259 2620 26.
1287 2589 1377 2631 sqq.

162 2680 390 2737 seiz

155 2763 175 2786 .
