1961 3338
317 465 582 532 probandam
630 431 888 509 sententiam
927 475 1046 506 suam
1088 462 1346 542 praesertim
1382 433 1754 505 demonstrandum

316 535 566 580 videbatur.

327 648 332 651 ,
399 607 548 662 Neque
575 616 684 648 vero
709 603 822 647 illud
847 605 950 647 leve
987 607 1287 661 argumentu-
1320 608 1399 658 est,
1420 603 1546 659 qnod
1584 614 1609 644 e
1645 598 1752 643 Gni-

316 673 471 730 phonis
499 673 818 730 comparatione
846 686 940 716 eum
968 672 1148 718 doctore
1176 671 1456 719 Herenniano
1481 673 1655 729 petitur.
1672 669 1754 713 llic

318 745 442 798 enim,
478 748 589 787 teste
617 732 955 802 ,Rhetoricormu
989 743 1221 798 prooemio,
1268 739 1544 801 quodcunque
1592 740 1676 794 sibi
1726 751 1754 782 a

316 815 575 872 quotidianis
602 814 953 871 occupationibus
978 818 1024 858 et
1050 814 1242 870 negotiis
1275 813 1568 860 familiaribus
1601 823 1752 869 super-

317 891 435 929 esset
461 887 681 943 temporis‚
719 887 1006 931 libentissime
1041 887 1088 930 in
1122 885 1421 943 philosophiae
1457 887 1615 933 sumis
1649 898 1751 929 con-

314 959 520 1001 sumebat.
580 957 887 1014 Philosophiae
924 962 1065 1003 autem
1101 958 1277 1002 Stoicae
1303 959 1473 1003 savine
1499 970 1607 1011 eun,
1633 958 1756 1003 ratio»

313 1031 412 1085 ipsa
440 1044 491 1074 ac
527 1031 723 1075 varietas
760 1032 1050 1086 exemplorum
1089 1031 1290 1084 ostendit,
1319 1031 1496 1086 'quibus-
1517 1034 1752 1088 praecepta

311 1099 534 1143 rhetorica
568 1101 796 1154 illustrare
845 1104 1026 1143 conatur
1058 1099 1106 1153 ¹).
1173 1100 1334 1152 Quodsi
1381 1099 1552 1156 Gnipho
1599 1098 1752 1143 horum

316 1171 646 1216 Rhetoricorum
672 1175 823 1215 auctor
850 1175 968 1215 esset
1002 1171 1237 1227 habendus,
1273 1184 1534 1228 magnopere
1569 1171 1752 1216 mirare-

315 1256 421 1296 mur,
449 1243 700 1286 Suetonium
726 1234 1027 1298 philosophiae
1045 1236 1254 1297 studium,
1282 1244 1395 1299 quod
1412 1241 1623 1299 'opinione
1652 1255 1751 1286 auc-

304 1314 424 1357 --toris
452 1315 747 1369 praevaleret,
773 1315 1053 1371 negligenter
1080 1315 1282 1359 tacuisse.
1338 1316 1487 1371 quue
1517 1315 1751 1358 incredibi-

312 1387 399 1429 lius
436 1386 662 1429 videretur
687 1386 938 1440 silentium,
983 1386 1445 1440 animadvertentibus,
1492 1386 1597 1441 ista,
1641 1398 1750 1442 quae

314 1458 616 1512 Grammaticis
655 1462 702 1500 et
739 1458 1015 1510 Rhetoribus,
1061 1464 1239 1513 praeter
1259 1459 1389 1502 'haec
1433 1471 1613 1503 munera
1656 1471 1747 1512 sua,

311 1530 512 1584 iactitata
539 1532 772 1582 constaret,
799 1528 1050 1586 Suetonium
1076 1531 1200 1573 nullo
1216 1528 1340 1572 modo
1361 1530 1443 1584 vel,
1460 1529 1644 1572 latuisse
1673 1530 1749 1572 vel

311 1601 492 1657 fugisse.
518 1601 589 1644 lta
614 1600 663 1643 in
690 1600 901 1656 Pompilio
929 1600 1187 1655 Andronico,
1215 1601 1263 1654 in
1289 1600 1470 1644 Aurelio
1508 1600 1663 1655 Opilio,
1700 1600 1748 1644 in

312 1672 448 1715 Lucio
476 1671 689 1715 Crassitio
718 1672 904 1714 studium
929 1672 1241 1728 philosophiae,
1278 1673 1327 1716 in
1365 1673 1544 1716 Valerio
1583 1671 1747 1716 Catone

310 1755 493 1800 poeseos
520 1742 733 1799 professio
761 1741 978 1787 laudatur.
1595 1763 1597 1768 v

398 1812 604 1866 Tandem,
630 1818 678 1856 ut
715 1816 843 1857 finem
877 1814 948 1857 his
986 1816 1429 1858 animadversionibus
1468 1816 1743 1870 imponamus,

312 1886 518 1930 universe
547 1885 801 1930 monendum
829 1890 907 1940 est,
935 1887 1143 1943 pleraque
1171 1887 1312 1932 omnia
1339 1886 1604 1943 argmenta,
1633 1900 1743 1943 quae

310 1958 543 2003 Schutzius
584 1958 779 2011 contulit,
815 1971 903 2000 non
936 1959 1001 2001 ita
1035 1959 1299 2014 respondere
1334 1959 1404 2012 iis,
1440 1971 1548 2014 quae
1586 1959 1639 2001 de
1680 1958 1747 2001 in-

310 2033 430 2073 certo
460 2033 636 2073 auctore
665 2028 722 2072 ad
748 2029 1012 2073 Herennium
1049 2030 1223 2086 cognita
1255 2029 1471 2084 habemus,
1512 2034 1560 2072 ut
1598 2031 1746 2072 nullus

305 2103 420 2146 alius
457 2105 635 2157 praeter
684 2100 952 2156 Gniphonem
991 2102 1139 2145 eadem
1199 2102 1579 2146 verisimilitudine
1635 2115 1746 2146 com-

306 2173 504 2215 mendari
531 2184 658 2227 posse
689 2171 892 2213 videatur
919 2170 971 2225 2).
1028 2173 1309 2223 Quamobrem
1345 2171 1544 2226 Schutzii
1578 2171 1745 2225 conjec-

306 2249 419 2298 tura,
448 2245 538 2287 suis
565 2244 736 2287 minime
778 2243 987 2287 destituta
1022 2245 1235 2298 laudibuS,
1265 2257 1319 2287 ea
1344 2244 1668 2299 probabilitatis
1696 2245 1743 2290 vi

308 2320 442 2369 caret,
472 2328 581 2371 quae
611 2314 667 2357 ad
693 2314 819 2356 iidem
845 2314 1087 2368 faciendam
1104 2314 1357 2357 necessaria
1377 2317 1457 2356 est.
1483 2313 1586 2357 Alia
1608 2314 1745 2370 igitur

306 2388 515 2430 tentanda
541 2387 659 2430 ratio
689 2390 768 2439 est,
796 2389 846 2428 ut
872 2385 973 2429 huic
1002 2386 1244 2441 quaestioni
1279 2385 1477 2428 satisfiat.
1532 2386 1642 2430 Mihi
1671 2401 1745 2430 ve-

305 2474 388 2504 rus·
409 2460 676 2504 Herenniani
711 2459 857 2515 operis
898 2462 1048 2502 auctor
1087 2472 1184 2502 esse
1222 2458 1399 2502 videtur
1439 2458 1591 2503 Aelius
1626 2458 1743 2505 Stilo

335 2622 372 2730 ἐξ
400 2620 628 2717 ξῆιῑιτῖιιεηιι
652 2621 784 2717 Ophi.
812 2620 839 2717 11.
867 2619 893 2663 l.
922 2619 1085 2720 Vfggzel
1112 2621 1139 2664 l.
1169 2620 1194 2664 l.
1222 2634 1262 2675 p.
1294 2620 1356 2664 15.

460 2689 506 2717 es
525 2690 687 2717 ermann
754 2689 794 2731 p.
838 2709 848 2719 .
877 2689 916 2730 p.
1030 2706 1040 2718 .
