1961 3338
661 255 992 308 ...53-

114 381 472 434 citationibusque
500 376 786 432 conjimctus.“
811 377 909 421 Alio
938 378 1034 420 loco
1056 375 1111 431 ¹):
1139 376 1342 430 „Diodoto
1370 376 1535 418 doctori

114 446 159 499 et
186 455 277 509 ejus
305 452 469 496 artibus
497 451 634 493 variis
663 456 789 507 atque
815 452 974 505 multis,
1002 451 1066 493 ita
1094 462 1211 492 eram
1238 453 1380 491 tamen
1416 448 1533 491 dedi-

114 532 195 580 tus,
225 529 272 567 ut
309 523 363 566 ab
402 522 784 566 exercitationibus
817 522 1023 565 oratoriis
1058 522 1205 564 nullus
1244 521 1337 563 dies
1373 533 1533 562 vacuus

114 600 241 639 esset.
296 592 621 636 commentabar
648 592 926 638 declamitans
955 592 1040 646 (sic
1067 592 1180 634 enim
1206 604 1320 632 nunc
1355 590 1533 644 loquim-

66 713 74 722 ,
110 665 201 719 tur)
230 676 359 719 saepe
388 676 480 706 cum
507 663 567 706 Μ.
597 664 765 718 Pisone,
794 668 840 706 et
876 677 968 707 cum
995 666 1045 716 Q.
1074 662 1286 719 Pompejo,
1326 666 1400 705 aut
1436 675 1528 704 cum

110 738 252 791 aliquo
281 735 491 790 quotidie;
518 736 643 791 idque
671 736 882 779 faciebam
908 734 1082 778 multum
1110 736 1239 778 etiam
1265 735 1434 788 Latine,
1452 734 1529 776 sed

109 809 277 854 Graece
306 807 497 862 saepius:
527 809 601 850 vel
629 808 739 864 quod
757 807 928 851 Graeca
955 808 1095 851 oratio
1122 809 1250 863 plura
1276 810 1529 849 ornamenta

111 878 397 932 suppeditanS,
426 871 770 921 consuetudinem
798 880 997 928 similiter
1023 880 1180 929 Latine
1216 879 1386 921 dicendi
1424 879 1526 921 affe-

107 951 251 1002 rebat3
279 951 356 993 vel
384 951 496 1006 quod
523 964 549 994 a
578 951 760 995 Graecis
789 951 959 993 summis
984 950 1238 1004 doctoribus,
1259 950 1345 992 nisi
1363 950 1531 993 Graece

111 1024 308 1076 dicerem,
336 1036 473 1078 neque
503 1024 664 1078 corrigi
691 1036 870 1078 possem,
897 1036 1037 1078 neque
1065 1022 1247 1064 doceri.“

165 1093 411 1136 Verisimile
430 1092 529 1135 hinc
547 1094 609 1146 fit,
630 1092 889 1145 Ciceronem,
899 1104 1021 1147 quem
1038 1095 1183 1146 utpote
1197 1095 1302 1132 natu
1316 1091 1533 1145 minorem,

111 1164 167 1206 ad
183 1165 244 1206 Μ.
262 1165 459 1206 Pisonem
475 1168 601 1219 pater
616 1165 714 1206 ideo
736 1163 987 1216 deduxerat,
1007 1163 1117 1217 quod
1138 1163 1185 1204 in
1200 1176 1250 1204 eo
1269 1166 1314 1204 et
1331 1162 1531 1217 antiquae

114 1234 233 1277 vitae
263 1235 494 1278 similitudo
516 1224 575 1295 ‘et'
595 1236 753 1278 multae
783 1238 909 1278 erant
935 1234 1092 1278 literae
1112 1234 1165 1288 ²),
1195 1233 1531 1277 exercitationes

106 1307 332 1360 oratorias,
360 1308 559 1362 praeside
587 1308 723 1360 Aelio,
760 1320 851 1349 cum
889 1308 1139 1362 aequalibus
1178 1307 1431 1358 instituisse,
1467 1308 1531 1349 ita

105 1380 153 1419 ut
190 1377 338 1420 Aelius
377 1378 569 1431 LatinaS‚
616 1378 955 1433 quemadmodum
1003 1377 1194 1420 Graecas
1244 1377 1369 1421 Philo
1401 1376 1438 1431 ³)
1482 1381 1529 1420 et

103 1447 222 1489 Molo
249 1445 301 1502 ⁴),
339 1435 644 1490 moderaretur.
701 1447 803 1491 Cum
838 1448 919 1491 hac
955 1453 1095 1491 autem
1133 1449 1399 1491 declamandi
1427 1463 1527 1491 con-

108 1520 330 1562 suetudine
358 1520 470 1562 haud
499 1521 623 1563 dubie
652 1522 898 1576 praeceptio
921 1521 1141 1565 rhetorica
1169 1526 1265 1565 erat
1291 1521 1529 1577 conjuncta,

102 1594 150 1633 ut
178 1603 204 1633 a
233 1591 470 1647 Gniphone,
500 1593 572 1647 qui
599 1593 778 1635 nonnisi·
799 1593 1000 1635 nundinis
1028 1594 1306 1645 declamabat,
1336 1594 1525 1648 quotidie

18 1650 21 1655 ¹
101 1675 208 1705 vero
255 1667 487 1719 praecepta
532 1658 803 1718 eloquentiae
838 1663 1049 1716 tradebat,
1093 1663 1333 1706 institutum
1368 1665 1524 1720 accipi-

100 1745 192 1775 mus
222 1733 271 1787 5).
321 1734 524 1785 Quamvis
553 1727 692 1776 aute‘m
720 1737 868 1775 orator
895 1734 982 1775 non
1019 1737 1136 1775 esset
1171 1733 1332 1787 AeliuS,
1368 1738 1522 1788 tamen,

99 1809 148 1846 ut
175 1805 367 1858 vidimus,
395 1806 645 1861 praestabat
673 1817 845 1859 operam
871 1805 979 1846 foro.
1031 1804 1209 1847 Nobile‘s
1238 1806 1350 1847 enim
1372 1806 1522 1849 Roma-

98 1889 177 1918 nos
202 1877 259 1932 'in
299 1878 439 1919 causis
477 1877 658 1932 agendis
698 1875 944 1930 adjuvabat,
981 1872 1025 1918 et
1059 1878 1134 1919 vel
1170 1877 1263 1932 ipse
1303 1878 1349 1919 in
1378 1891 1521 1921 eorum

98 1948 284 2002 gratiam
311 1948 529 1991 orationes
553 1947 788 2000 scribebat,
818 1948 892 1988 vel
930 1946 984 1989 ad
1022 1960 1096 1989 eas
1135 1948 1384 1990 scribendas
1421 1962 1520 2004 pro-

97 2020 439 2076 nuntiandasque
476 2020 720 2076 praeceptis
757 2019 1020 2072 instituebat,
1058 2020 1096 2061 si
1133 2020 1205 2075 qui
1240 2033 1318 2062 sua
1352 2022 1522 2063 vellent

97 2105 230 2145 opera
264 2093 340 2133 uti.
400 2093 462 2133 Ac
502 2092 673 2132 videtur
710 2091 877 2144 quidem
913 2104 963 2132 eo
992 2095 1180 2144 tempore
1218 2093 1374 2133 Romae
1402 2106 1521 2135 more

96 2169 312 2219 receptum
338 2164 484 2216 fuisse,
515 2163 684 2205 alienae
713 2174 840 2204 curae
871 2160 1086 2204 scribendi
1123 2161 1306 2205 officium
1334 2164 1520 2207 commit-

96 2238 202 2288 tere,
232 2240 306 2278 aut
335 2235 478 2277 alieno
508 2229 672 2276 auxilio
701 2234 776 2285 uti,
806 2233 1004 2293 etiamsi
1034 2234 1128 2287 quis
1164 2234 1257 2288 ipse
1294 2234 1408 2276 haud
1446 2237 1519 2278 ab·

99 2309 252 2350 surdus
282 2313 431 2351 orator
460 2307 792 2350 existimaretur.
822 2304 950 2359 Cujus
978 2306 1046 2349 rei
1065 2304 1193 2350 Cotta
1215 2308 1412 2362 exemplo
1443 2313 1520 2352 est.

139 2452 178 2556 23
200 2450 351 2548 ἓξὲξ.
365 2506 421 2564 ‚in
449 2505 708 2550 Pisonianam
737 2507 770 2560 ξ.
799 2506 864 2548 62-

136 2560 170 2642 Z)
198 2560 523 2659 gffitngssslch
551 2568 590 2608 3·

143 2620 173 2725 εἴ
202 2671 314 2714 Suet.
344 2649 569 2716 111.’Gr.'8.
