1961 3338
649 262 978 313 ...01-

102 402 196 434 mur
235 388 349 441 inde,
382 384 581 441 quamvis
608 386 812 440 nusquam
839 384 1004 429 diserta
1031 383 1124 439 ejus
1150 385 1220 428 rei
1243 386 1400 429 mentio
1439 387 1530 441 fiat,

105 462 348 507 condidisse
378 470 471 501 eum
483 457 811 502 Grammaticum
838 470 955 514 opus,
975 459 1051 501 vel
1070 456 1231 501 Lucilii
1252 457 1447 514 exemplo
1479 457 1529 513 ¹),

110 535 249 578 libros
278 532 331 572 de
361 527 692 584 orthographia.
755 529 843 573 Sed
883 528 975 583 ejus
1010 529 1155 585 operis
1199 529 1530 585 qualemcumque

104 606 316 649 rationem
343 599 527 642 reddere
555 604 678 643 vetat
702 601 1036 656 fragmentorum
1062 601 1271 658 paucitas.

186 677 281 718 Jam
307 675 447 714 restat
486 672 715 715 difficultas
743 673 790 716 in
816 674 1092 717 recensendis
1119 674 1236 716 Aelii
1263 673 1529 728 fragmentis,

107 759 191 801 qua
220 742 468 798 saepissime
496 743 542 786 in
571 743 839 799 exploranda
866 744 1120 800 antiquitate
1149 743 1412 787 offendimus.
1448 743 1529 788 So-

105 818 200 858 lent
227 814 339 857 enim
367 817 551 867 veteres,
581 826 756 869 quorum
782 814 1039 857 testimoniis
1067 816 1192 858 nobis
1219 816 1419 858 utendum
1449 817 1529 866 est,

107 900 194 929 non
223 897 390 940 semper
428 882 603 928 Aelium
637 884 871 937 Stilonem,
910 887 988 929 sed
1024 883 1195 942 saepius
1230 885 1406 930 Aelium
1443 900 1531 930 me·

107 971 288 1012 morare,
325 957 435 1001 unde
475 958 582 1001 satis
620 958 789 1002 dubium
824 958 885 1012 fit,
923 958 1017 1014 quis
1056 957 1207 1001 Aelius
1251 959 1531 1015 significetur.

108 1032 300 1073 Fuerunt
328 1031 439 1073 enim
466 1030 547 1072 hoc
573 1031 741 1073 nomine
768 1030 930 1085 plures,
960 1031 1033 1085 qui
1061 1031 1237 1073 diversa
1273 1035 1416 1074 aetate
1455 1030 1533 1082 flo-

107 1108 307 1146 ruerunt:
344 1103 390 1146 in
425 1102 494 1146 his
523 1102 627 1147 Sex.
665 1101 814 1146 Aelius
844 1101 894 1157 ²),
932 1104 980 1155 Q.
1017 1102 1167 1146 Aelius
1204 1103 1392 1147 Tubero
1415 1101 1451 1157 ³)
1490 1105 1537 1146 et

112 1174 194 1217 duo
216 1173 347 1217 'Aelii
376 1173 498 1217 Galli
525 1172 577 1229 ⁴).
626 1175 744 1217 llaec
769 1175 906 1230 igitur
933 1175 1167 1217 difficultas
1195 1175 1259 1217 ita
1286 1175 1430 1217 ubivis
1460 1187 1537 1216 ex-

110 1247 252 1301 pediri
289 1248 449 1302 nequit,
477 1251 525 1288 ut
552 1248 821 1289 considerate
858 1247 1026 1289 omnino
1060 1248 1108 1290 in
1145 1247 1376 1289 afferendis
1415 1247 1538 1290 testi-

108 1317 262 1362 moniis
291 1318 500 1374 agendum
529 1318 621 1375 sit„
652 1318 911 1361 Monendum
938 1322 1093 1372 tamen,
1121 1319 1406 1373 interpretum
1434 1331 1535 1360 con-

113 1405 254 1444 sensu,
284 1391 394 1446 apud
409 1392 646 1434 Varronem
675 1391 841 1446 quoties
870 1390 1123 1446 simpliciter
1149 1391 1351 1435 laudetur
1374 1390 1539 1445 Aelium,

113 1462 325 1508 Stilonem
352 1475 448 1505 esse
479 1462 758 1518 cogitandum,
796 1462 993 1517 quoniam
1019 1462 1066 1505 in
1094 1462 1206 1504 omni
1234 1463 1541 1517 investiganda

113 1532 332 1578 notation'e
360 1536 558 1590 magistri
586 1536 894 1589 auctoritatem,
922 1535 961 1578 si
988 1535 1171 1578 ferenda
1210 1539 1289 1589 est,
1323 1536 1539 1591 praefert:

117 1607 282 1665 quoties
308 1619 416 1655 vero
444 1605 594 1649 Aelius
623 1606 779 1650 Gallus
807 1606 920 1662 apud
948 1619 1041 1649 eum
1066 1603 1336 1659 memoretur,
1376 1619 1404 1649 a
1442 1619 1541 1662 pos-

114 1680 276 1720 teriore
304 1692 431 1720 manu
459 1680 719 1733 adscriptum
749 1678 873 1722 Galli
906 1673 1062 1721 nomen
1099 1693 1196 1721 esse
1226 1677 1276 1731 ⁵).
1331 1680 1397 1720 De
1424 1679 1542 1722 Aelii

117 1750 238 1795 Galli
267 1753 410 1794 aetate
438 1763 525 1793 non
553 1753 752 1794 accurate
782 1752 952 1792 constat
979 1745 1031 1804 ⁶).
1071 1748 1248 1806 Scripta
1275 1752 1418 1792 autem
1447 1747 1540 1804 ejus

164 1922 196 1972 ι)
224 1918 523 2027 gff.1(l;*gnecins
565 1916 632 1959 De
666 1915 786 1979 Adol.
820 1915 870 1961 L.
897 1894 946 1961 L.
974 1930 1015 1973 p.
1043 1916 1110 1962 39.
1151 1914 1328 1973 Madvig.
1368 1916 1543 1973 Opusec.

168 2030 201 2082 2)
232 2028 326 2072 Vid.
354 2028 471 2083 Disp.
500 2031 604 2071 nost.
632 2039 672 2082 p.
700 2028 766 2071 55.

166 2085 198 2137 3)
226 2085 290 2125 De
319 2099 367 2125 eo
395 2085 635 2137 saepissime
664 2083 817 2126 Cicero.

161 2137 196 2193 ⁴)
224 2139 343 2181 Alter
366 2138 680 2193 jureconsultus,
707 2138 759 2179 de
787 2150 870 2192 qno
896 2151 935 2180 v.
972 2141 1053 2180 not.
1081 2138 1120 2180 6.
1175 2137 1295 2178 Alter
1332 2150 1458 2191 eques
1503 2141 1545 2178 et

230 2195 433 2235 Arabicae
461 2194 726 2246 expeditionis
763 2192 854 2240 dux,
892 2194 943 2234 de
983 2207 1062 2246 quo
1098 2192 1148 2234 cf.
1189 2193 1468 2233 Schiinemanu
1501 2194 1545 2233 in

238 2248 421 2304 Pyclzsen
447 2262 485 2290 u.
513 2248 676 2289 Heeren
701 2247 867 2291 Bibliot.
895 2249 937 2291 d.
967 2247 1039 2290 alt.
1067 2248 1207 2292 Litu.
1227 2248 1375 2291 Kunst.
1402 2246 1547 2291 P.1X.

168 2359 198 2409 ⁵)
226 2359 381 2400 vids
349 2359 526 2414 Sengel
554 2358 686 2401 Praef.
713 2357 821 2401 Edit.
848 2372 888 2413 p.
918 2357 983 2401 51.

171 2413 203 2466 ⁶)
232 2413 328 2456 vid.
404 2427 442 2468 ει]
433 2415 585 2455 ansius
614 2413 765 2458 Comm.
802 2413 853 2455 ad
889 2412 1018 2455 XXX
1046 2412 1228 2455 ICtorum
1256 2412 1436 2467 fragmm.
1473 2412 1550 2455 Ge-

235 2469 1035 2524 nev.1764‚11.p.37—47.Bachius
1131 2469 1195 2511 ..l
1222 2481 1263 2523 p.
1291 2468 1386 2511 403.
1414 2468 1548 2509 Heim-

235 2524 350 2566 bach.
379 2524 495 2578 Disp.
525 2525 575 2566 de
603 2525 711 2566 Aelii
738 2525 846 2566 Gaui
873 2525 1070 2580 Fragmm.
1134 2526 1211 2578 ips.
1232 2523 1351 2567 1823.
1370 2524 1548 2565 Baebius

235 2579 396 2620 Aelium
424 2578 595 2628 Gallum,
623 2594 702 2621 non
729 2580 867 2622 addita
894 2593 1028 2628 causa,
1053 2538 1310 2621 Praefectum
1347 2581 1549 2634 Augusta-

236 2635 317 2677 lem
344 2635 450 2678 fecit.
478 2635 625 2678 Merito
662 2650 753 2679 eum
792 2635 1047 2692 reprehendit
1078 2634 1316 2684 Heimbach,
1352 2636 1419 2691 qui
1457 2646 1549 2676 eum

238 2691 420 2732 Varrone
450 2692 644 2734 seniorem
674 2696 716 2734 et
744 2693 954 2749 aequalem
988 2691 1107 2734 Mutii
1151 2691 1377 2736 Scaevolae
1415 2691 1551 2733 existi·
