1961 3338
966 274 1292 320 ..n-

384 393 521 438 ‘puer
547 382 642 426 filia
670 394 849 434 sumam
878 381 951 424 ubi
987 385 1130 423 tamen
1168 382 1310 425 Varro
1343 393 1479 438 mucra
1512 384 1634 435 putat
1668 380 1834 433 dictum,

412 453 489 495 sed
517 453 670 495 Aelius
697 451 810 497 st1lo
837 453 1044 506 magister
1073 450 1177 508 ejus,
1205 456 1250 494 et
1276 451 1458 496 Asinius.
1478 455 1639 495 contra.

515 525 592 570 cf.
621 525 870 570 Priscianus
898 525 1421 579 1.vl.p.oe⁷.1³utsch.

1059 607 1197 649 XXII.

419 676 662 723 FESTUS
687 691 724 720 v.
753 676 976 721 Sacrima.

495 746 780 794 SACRIMA
807 753 890 801 est,
919 754 967 791 ut
1000 749 1150 792 Aelius
1191 750 1306 794 stilo
1348 755 1393 793 et
1429 751 1630 795 Cloatius
1664 749 1831 800 dicunt,

406 826 592 866 mustum
618 821 801 864 inclitum
828 823 877 863 in
906 822 1162 877 amphoram
1189 822 1464 865 Liberalibus
1493 820 1700 876 sacrificii
1729 834 1834 864 cau-

412 906 484 945 sa,
508 905 595 948 pro
622 893 721 935 uvis
751 897 795 934 et
823 892 938 945 vino,
966 903 1079 947 quae
1107 894 1238 947 quasi
1266 903 1405 935 sacra
1432 893 1542 946 sunt,
1567 904 1662 935 cum
1674 893 1835 936 Libero

409 963 476 1019 fit,
505 968 555 1007 ut
578 963 876 1019 praemetium,
905 976 997 1005 cum
1026 962 1178 1006 Cereri
1210 961 1257 1016 1.)

522 1035 602 1081 cff.
630 1038 819 1091 luterpp.
849 1036 903 1078 ad
931 1035 971 1077 h.
1000 1036 1030 1078 l.

1047 1118 1207 1159 XXIII.

414 1186 660 1234 FESTUS
686 1202 724 1231 v.
753 1188 924 1231 Saliae.

500 1257 739 1304 SALIAS
766 1263 960 1316 viryines
987 1258 1149 1304 Aelius
1184 1259 1307 1304 Stilo
1347 1261 1532 1316 scripsit
1566 1256 1837 1313 sacrificium

404 1329 570 1388 'facere
598 1335 647 1375 in
674 1335 799 1386 reyia
828 1345 926 1375 cum
954 1330 1175 1385 Pontifice
1213 1331 1453 1387 paludatas
1489 1343 1587 1374 cum
1634 1329 1836 1385 apicibus

416 1408 464 1448 in
494 1403 665 1446 modum
692 1402 935 1445 Saliorum.

1000 1511 1003 1513 >
1048 1486 1203 1527 XXIV.

418 1551 664 1600 FESTUS
690 1568 728 1598 v.
757 1552 1003 1599 Subucula.

498 1624 877 1670 SUBUCULAM
903 1624 1064 1672 Aelius
1091 1627 1212 1673 Stilo
1240 1634 1284 1674 et
1312 1627 1518 1675 Cloatius
1554 1630 1716 1674 iisdem.
1742 1628 1839 1684 fere

409 1698 559 1743 verbis
586 1699 891 1743 dmonstrant
917 1686 1088 1752 v'ocari,
1118 1701 1235 1756 quod
1259 1702 1348 1744 diis
1373 1703 1502 1745 detur
1529 1714 1588 1744 ex
1615 1701 1766 1744 halica
1794 1704 1837 1744 et

413 1769 512 1813 oleo
541 1774 585 1813 et
611 1769 754 1812 melle.

523 1834 664 1886 Varro
693 1843 746 1883 de
775 1843 824 1884 L.
853 1844 903 1883 L.
931 1844 981 1884 V.
1010 1846 1103 1884 131.
1132 1842 1404 1885 Subuculam
1432 1845 1676 1887 vestimenti
1703 1857 1837 1900 genus

521 1914 727 1970 appellat.
758 1913 836 1957 eff.
864 1914 1026 1957 Nonius
1056 1928 1096 1957 v.
1125 1912 1367 1959 Subucula.
1395 1917 1551 1959 Festus
1578 1917 1620 1960 h.
1649 1919 1679 1960 l.
1785 1922 1787 1924 ’

983 2036 987 2040 ,
1060 1990 1193 2039 XXV.

412 2064 658 2110 FESTUS
684 2080 722 2110 v.
754 2065 932 2110 Tamne.
1196 2069 1204 2081 '

498 2135 738 2192 TAMNE,
767 2150 976 2193 eousque,
1005 2142 1054 2182 ut
1080 2134 1241 2183 Aelius
1267 2138 1387 2183 Stilo
1415 2142 1742 2197 interpretatur.

1050 2222 1205 2265 xxvl.

422 2289 629 2336 VARRO
655 2293 709 2349 de
735 2292 790 2336 L.
819 2291 874 2337 L.
910 2293 959 2337 V.
987 2298 1053 2336 21.

501 2362 709 2409 TERRA
737 2365 858 2409 dicta
885 2364 941 2408 ab
971 2379 1039 2419 eo,
1068 2371 1117 2409 ut
1134 2363 1295 2411 Aelius
1321 2365 1495 2418 scribit,
1524 2366 1641 2423 quod
1665 2365 1835 2412 teritur.

792 2499 794 2501 v
1033 2447 1209 2489 xxvn.

414 2513 661 2559 FESTUS
687 2529 725 2559 v.
758 2515 971 2572 Tonyere.

455 2679 485 2731 ¹)
515 2676 559 2720 ln
587 2677 743 2733 Fragm.
784 2678 933 2723 Cereri.
