1961 3338
928 273 1291 322 ..1oe-

392 398 616 451 utrumque
664 407 771 450 opus
818 391 1078 437 rhetoricum
1124 393 1287 435 referri
1331 396 1540 448 oporteat.
1604 391 1732 445 Mire,
1775 394 1824 433 ut

396 467 593 520 vidimus,
620 466 917 510 dissenserunt
945 466 1117 520 eruditi,
1146 466 1300 522 quippe
1328 465 1376 510 in
1405 464 1638 510 divinando
1658 466 1824 526 Ilei-enf-

395 540 528 581 niano
557 540 730 582 doctore
760 540 806 580 in
834 539 986 581 varias
1010 538 1223 581 historiae
1249 539 1468 581 Romae
1498 537 1664 581 aetates
1700 537 1823 579 invo-

392 612 550 665 lantes,
585 624 670 654 nec
707 611 815 653 satis
853 623 981 653 curae
1019 610 1066 653 in
1103 610 1401 665 comparandis
1435 611 1567 654 rebus
1600 610 1824 652 consulen-

393 684 531 738 daque
560 682 779 725 latinitate
809 681 1029 737 ponentes.
1087 682 1329 725 Feliciores
1356 682 1481 727 mere
1509 686 1686 737 praeter
1713 682 1823 723 Bur-

392 767 589 797 mauuum
627 753 675 808 ¹),
708 754 956 809 Purgoldus
986 758 1031 797 et
1058 752 1302 798 Schutzius.
1358 753 1443 797 lllc
1478 753 1616 798 libros
1656 753 1711 796 ad
1738 754 1824 802 lle-

392 828 588 870 rennium
627 826 676 868 A.
707 828 754 869 U.
781 831 867 869 666
894 827 1148 881 compositos
1177 814 1427 885 arbitratur-¹,
1455 826 1688 870 Rhetorica
1714 838 1822 868 vero

391 899 614 943 Ciceronis
650 898 798 953 paucis
838 898 964 941 annis
989 892 1089 954 post
1125 898 1299 951 exiisse,
1336 910 1486 954 nempe
1512 899 1641 942 *intra
1665 902 1751 941 670
1779 900 1824 940 et

389 976 474 1013 672
488 969 537 1025 ²).
567 971 648 1013 llic
666 983 773 1013 vero
792 983 916 1026 quum
936 971 989 1013 de
999 970 1221 1014 Ciceronis
1233 969 1478 1013 Rhetoricis
1497 983 1590 1013 cum
1605 970 1823 1026 Purgoldo

391 1025 647 1096 consen‘tiat,
684 1044 857 1097 paulum
894 1043 1046 1084 differt
1084 1044 1137 1084 de
1177 1043 1322 1098 operis
1345 1044 1628 1085 Herenniani
1666 1046 1822 1094 aetate,

389 1115 515 1173 quam
542 1115 598 1158 ad
625 1115 674 1157 A.
703 1116 752 1158 U.
780 1118 866 1157 668
905 1116 952 1157 in
992 1115 1142 1157 tabula
1180 1115 1320 1156 refert
1349 1113 1398 1167 ³).
1453 1114 1651 1157 Attamen
1687 1115 1821 1167 docet,

388 1187 571 1230 obscure
610 1199 661 1229 ac
697 1190 812 1228 tecte
852 1186 937 1228 sibi
977 1186 1146 1229 Sullam
1188 1186 1311 1241 tangi
1351 1186 1489 1228 visum
1526 1199 1622 1228 esse
1651 1187 1723 1229 lV.
1750 1188 1821 1240 54,

384 1241 698 1313 polliceturque
728 1258 781 1299 de
812 1271 863 1299 eo
891 1260 987 1299 loco
1017 1271 1065 1298 se
1094 1259 1222 1311 paulo
1251 1262 1351 1314 post
1378 1263 1568 1299 acturum
1586 1255 1640 1310 ¹⁸).
1668 1258 1819 1299 Fidem

387 1343 475 1373 non
502 1329 726 1385 praestitit
754 1330 826 1372 vir
854 1329 1134 1371 doctissimus.
1164 1328 1368 1372 Monente
1386 1334 1526 1372 autem
1537 1330 1757 1373 wetzelio
1768 1328 1819 1383 ⁶),

388 1403 471 1443 illa
498 1402 637 1443 verba
666 1401 903 1454 cogitavit:
932 1398 1253 1453 Proficiscitur
1279 1403 1327 1442 in
1356 1398 1529 1451 Asiam,
1557 1400 1712 1443 deinde
1739 1413 1818 1442 ea:-

385 1471 461 1517 sul
491 1476 535 1517 et
562 1471 709 1516 hostis
736 1476 805 1516 est
832 1471 995 1524 dicius,
1022 1476 1127 1528 post
1154 1475 1412 1528 imperator,
1439 1477 1664 1528 postremo
1702 1470 1818 1516 Gon-

382 1545 469 1589 sul.
518 1545 608 1588 Sed
636 1545 816 1597 erravit,
844 1549 892 1585 ut
932 1544 1118 1597 videtur,
1146 1544 1389 1597 SchutziuS,
1416 1544 1496 1586 hoc
1534 1546 1630 1586 loco
1666 1544 1818 1587 Sullae

383 1619 600 1660 fortunam
629 1617 868 1672 significari
896 1620 1064 1674 putans.
1119 1616 1246 1659 Licet
1286 1616 1398 1659 enim
1421 1617 1483 1659 *in
1522 1617 1680 1659 ceteris
1710 1631 1817 1673 quae

385 1693 678 1731 memorantur
717 1689 952 1730 similitudo
995 1688 1065 1741 sit,
1100 1692 1244 1730 tamen
1290 1689 1484 1731 exsulem
1535 1702 1562 1731 a
1604 1689 1819 1734 Marianis

388 1762 560 1806 Sullam
590 1775 686 1803 esse
711 1760 956 1814 judicatum,
987 1773 1044 1802 ex
1071 1759 1256 1802 historia
1283 1761 1461 1815 probari
1488 1775 1615 1816 posse
1654 1762 1818 1803 inficia-

383 1846 490 1875 mur.
549 1835 699 1887 ltaque
727 1832 839 1873 nihil
865 1833 966 1873 inde
996 1833 1053 1873 ad
1081 1834 1419 1875 constituendam
1456 1838 1640 1876 aetatem
1667 1834 1817 1876 horum

382 1906 591 1948 librorum
629 1904 742 1947 lucis
780 1905 1005 1959 petendum
1034 1909 1119 1955 est3
1157 1919 1316 1947 vereor
1354 1910 1506 1959 autem,
1543 1911 1592 1948 ut
1627 1908 1815 1960 aliunde,

383 1977 580 2033 quoniam
618 1977 842 2019 obscurior
878 1980 946 2018 est
980 1989 1125 2018 rerum
1161 1981 1380 2031 gestarum
1415 1979 1630 2021 memoria.
1688 1981 1816 2022 Patet

381 2063 489 2092 vero
535 2063 559 2091 e
611 2049 836 2092 Ciceronis
889 2048 1133 2101 rhetoricis,
1201 2048 1398 2092 Philonis
1445 2050 1698 2104 discipulum
1761 2064 1814 2094 ea

431 2296 458 2347 ¹)
488 2292 673 2335 Prooem.
700 2305 740 2346 p.
768 2292 837 2334 45.
872 2291 1038 2335 Schutz.
1076 2291 1127 2334 cf.
1164 2306 1206 2346 p.
1244 2292 1311 2335 20.
1354 2291 1564 2333 Falsterus
1590 2292 1729 2336 Rhett.
1760 2296 1812 2336 ad

489 2348 587 2390 Her.
607 2352 701 2389 ante
729 2350 907 2388 aetatem
927 2348 1099 2401 Augusti
1127 2349 1302 2401 scriptos
1330 2361 1408 2386 non
1436 2347 1565 2388 fuisse
1593 2350 1810 2396 existimat,

489 2406 531 2443 et
575 2402 756 2443 vindicat
812 2402 1026 2443 recentiori
1077 2402 1235 2445 cuidam
1282 2402 1481 2457 scriptori.
1548 2402 1671 2448 Vidd.
1718 2405 1808 2460 ejus

487 2460 704 2525 Amoenittt
733 2456 880 2500 Philol.
910 2461 986 2501 111.
1014 2472 1056 2512 p.
1084 2458 1179 2502 286.

417 2517 457 2623 ἒξ
485 2513 796 2622 333115‘3511:
822 2512 990 2611 {2³3ss
1019 2526 1110 2611 333¹·

421 2627 456 2676 ⁴)
485 2624 584 2667 lbid.
612 2638 653 2678 p.
680 2624 750 2666 48.

426 2682 460 2736 ⁵)
489 2680 631 2723 Rhett.
658 2678 782 2722 Minn.
813 2682 866 2724 11.
895 2693 933 2733 p.
969 2679 1058 2722 167.
