1961 3338
360 292 432 350 vl

346 389 698 467 'pertractantem
737 412 901 454 videre.
957 410 1073 461 Quin
1106 409 1170 453 ita
1205 411 1505 453 auctoritatem
1537 408 1690 464 judieii
1724 408 1790 451 tui

358 500 578 555 singulari
603 499 868 543 humanitate
895 500 1140 553 condiebas,
1175 504 1235 554 ut,
1269 499 1310 543 si
1345 513 1432 543 m
1470 488 1680 552 essemus,
1698 510 1789 541 mua*

356 567 529 644 tuisque
558 588 822 630 sermonibus
850 588 897 629 in
932 599 1025 629 rem
1060 587 1201 642 ipsam
1234 578 1455 643 inquirere
1492 588 1659 641 liceret,
1696 586 1789 631 ani-e

357 677 683 720 madversiones
711 678 808 718 tuas
835 687 923 717 non
950 676 1077 718 nimis
1106 676 1322 730 urgendus
1350 675 1506 729 videri,
1522 676 1786 730 persuadere

358 777 580 808 conarere.
639 765 800 815 Quibus
830 765 980 808 verbis
1009 777 1134 820 quum
1162 764 1325 807 animos
1354 763 1561 818 dedisses,
1601 757 1787 819 diligen-

356 855 538 908 tiusque,
564 865 675 909 quae
706 853 1102 906 animadvertisses,
1131 853 1422 905 attendissem,
1438 857 1559 895 tanto
1588 856 1632 894 te
1656 852 1787 894 habui

357 944 581 996 cariorem,
611 946 769 999 quanto
798 942 1021 985 candidius
1057 946 1240 986 mentem
1274 942 1378 984 mihi
1414 946 1529 985 tuam
1568 941 1785 997 significae

356 1040 503 1081 veraS,
532 1032 577 1070 et
605 1040 767 1071 omnem
796 1027 1104 1070 dubitationum
1132 1028 1217 1070 vim
1246 1026 1480 1082 objeceras.

440 1135 576 1177 Plura
604 1138 744 1177 autem
773 1135 1021 1197 complexus
1049 1147 1140 1176 sum
1166 1133 1249 1175 hoc
1275 1134 1402 1187 libro,
1424 1135 1496 1189 qui
1516 1147 1574 1176 ex
1600 1134 1786 1189 pristina

359 1221 599 1265 munusculi
626 1221 672 1264 in
700 1225 973 1277 praesentem
1002 1221 1103 1265 doni
1129 1222 1545 1284 formam—utinam
1559 1226 1784 1277 praestan-

353 1308 458 1351 tiam
488 1330 544 1337 —
570 1308 773 1350 increvit.
815 1310 982 1363 Operae
1012 1308 1123 1351 enim
1150 1309 1333 1363 pretium
1371 1312 1478 1362 erat,
1511 1308 1673 1364 aliquid
1698 1321 1785 1351 mo-

353 1397 487 1438 men‘ti
518 1396 689 1448 addere,
715 1410 796 1451 quo
824 1397 957 1438 tutius
986 1397 1072 1438 iter
1099 1399 1266 1439 faceret
1295 1397 1470 1452 tibique,
1492 1398 1779 1439 transmarino

352 1483 515 1526 homini
545 1488 589 1526 et
616 1484 662 1526 in
698 1484 848 1527 ultima
881 1486 976 1526 fere
1015 1486 1112 1540 agri
1147 1484 1306 1527 Batavi
1344 1485 1528 1527 statione
1559 1471 1784 1542 collocato,

351 1571 457 1613 novi
485 1568 656 1626 suisque
686 1571 809 1612 velut
834 1571 1029 1626 partibus
1060 1571 1227 1626 expleti
1254 1571 1398 1627 operis
1435 1573 1661 1627 adspectus
1687 1586 1786 1615 nos-

351 1659 413 1700 tri
440 1660 685 1701 memoriam
714 1659 1036 1701 commendaret.
1067 1662 1200 1711 Quam
1223 1662 1276 1702 ob
1297 1671 1468 1703 causam
1495 1661 1541 1703 in
1568 1663 1708 1704 media
1735 1666 1779 1704 te

352 1747 554 1790 continuo
584 1760 704 1790 arma
732 1748 1123 1804 sententiarumque
1151 1749 1318 1792 turbam
1348 1753 1391 1791 et
1430 1762 1572 1794 acrem
1609 1755 1783 1793 conten-

351 1835 513 1877 tionem
541 1835 717 1889 conjeci,
748 1848 806 1877 ex
834 1849 915 1891 quo
943 1841 1142 1892 tanquam
1170 1837 1393 1880 horridulo
1422 1840 1531 1880 mari
1572 1840 1780 1881 celeriter
1807 1842 1812 1850 '

352 1928 640 1978 emergentem
675 1922 988 1966 mansuetiores
1033 1919 1090 1966 te⁴
1121 1925 1271 1967 Musae
1313 1926 1542 1981 excipient*
1600 1918 1783 1969 Tradidi

352 2015 505 2070 quippe
551 2015 761 2056 nonnulla
806 2014 859 2056 de
905 2014 1204 2060 Grammaticis
1253 2014 1580 2070 Rhetoricisque
1626 2015 1779 2057 studiis

350 2104 462 2157 apud
491 2104 715 2156 Romanos,
743 2106 791 2144 ut
818 2102 1039 2157 proximae
1070 2103 1123 2144 de
1152 2101 1267 2144 Aelii
1295 2103 1513 2145 Lanuvini
1550 2107 1595 2144 et
1631 2102 1780 2146 Servii

352 2191 524 2235 Claudii
563 2192 657 2233 vita
693 2195 738 2232 et
775 2191 973 2233 doctrina
1013 2192 1314 2246 disquisitioni,
1365 2204 1471 2245 quae
1518 2191 1673 2233 nimiis
1713 2195 1780 2233 est

348 2294 485 2335 opaca
511 2280 716 2333 tenebris,
745 2280 910 2335 aliquid
938 2280 1049 2321 lucis
1079 2280 1372 2322 affunderetur
1405 2293 1605 2334 suumque
1635 2280 1779 2321 duum-

352 2369 463 2411 viris
490 2369 675 2423 pretium
704 2373 832 2411 esset„
890 2368 982 2410 Hac
1018 2368 1181 2410 demum
1218 2367 1293 2410 via
1321 2355 1378 2409 ad
1402 2367 1472 2411 rei
1501 2370 1638 2421 caput,
1668 2367 1778 2422 quod

349 2456 596 2498 suavissimi
632 2456 858 2497 literarum
895 2453 1134 2496 commercii
1161 2454 1341 2508 primam
1377 2453 1504 2496 nobis
1530 2454 1779 2509 opportuni-

346 2546 480 2585 tatem
506 2542 778 2597 praebuerat,
807 2541 1014 2596 processi.
1308 2518 1315 2524 =

438 2641 496 2684 At
522 2643 634 2684 male
663 2642 723 2684 sit
751 2641 870 2692 mihi,
898 2644 943 2683 et
970 2640 1058 2682 otio
1086 2643 1160 2681 tuo
1189 2638 1383 2682 abutenti
1411 2621 1571 2681 diutius
1607 2642 1653 2680 et
1679 2639 1778 2693 plus

347 2742 470 2785 quam
499 2731 607 2774 satis
636 2734 744 2783 erat,
765 2730 817 2772 de
839 2729 1027 2785 propriis
1056 2729 1185 2772 rebus
1215 2728 1269 2770 ad
1299 2731 1341 2769 te
1370 2727 1592 2770 referenti.
1622 2728 1774 2778 Quam·
