1961 3338
945 656 1242 701 CAPUT
1297 657 1348 700 V.

530 754 586 798 L.
613 752 776 798 Aelius
802 753 923 798 Stilo
951 753 1265 798 Praeconinus
1291 751 1571 796 Herenniani
1598 753 1766 807 operis,

909 828 959 868 nt
986 823 1174 876 videm,
1201 827 1375 868 auctor.
1404 868 1410 874 ,

513 912 766 953 Paravimus
793 912 918 954 nobis
954 912 1069 963 viam
1108 911 1164 954 ad
1198 914 1469 967 praesentem
1507 904 1858 967 disquisitionem,

434 984 479 1025 in
509 996 594 1039 qua
622 984 675 1029 de
701 988 985 1039 praeceptore
1013 975 1290 1027 Herenniano
1313 983 1528 1038 ⁴agendum
1556 988 1637 1025 est.
1663 984 1715 1024 L.
1743 981 1859 1023 Aelii

432 1055 691 1109 memoriam,
717 1055 980 1112 temporibus
1008 1060 1262 1111 corruptam,
1290 1058 1498 1111 quatenus
1525 1067 1618 1097 eam
1636 1054 1760 1117 nobis
1784 1066 1860 1096 au-

430 1127 609 1184 tiquitas
638 1113 1102 1183 servavitJ,integ1-am,
1130 1133 1179 1170 ut
1205 1140 1436 1183 speramuS,
1462 1127 1697 1169 retulimus.
1746 1127 1857 1188 Quo-

431 1199 550 1242 circa
575 1198 750 1241 facilius
773 1197 862 1252 jam
891 1212 948 1241 ex
976 1199 1032 1241 iis
1061 1212 1168 1253 quae
1203 1201 1366 1253 patent,
1404 1198 1576 1252 assequi
1611 1197 1857 1250 poterimus,

430 1270 470 1311 si
497 1270 598 1325 quid
625 1270 726 1313 inde
756 1270 811 1312 ad
839 1269 1140 1312 illustrandum
1169 1268 1494 1312 Rhetoricorum
1510 1272 1726 1311 auctorem
1752 1266 1857 1310 hau-

433 1341 525 1385 rire
541 1341 718 1384 licebit.

518 1411 641 1463 Quod
669 1412 722 1455 de
762 1411 988 1468 Gniphone
1027 1413 1268 1468 suspicatus
1305 1416 1372 1455 est
1406 1411 1649 1466 Schutzius,
1689 1413 1857 1454 adoles-

429 1483 545 1526 centi
570 1483 771 1527 Ciceroni
798 1487 1120 1538 praeceptorem
1147 1483 1295 1536 fuisse,
1323 1483 1369 1525 id
1405 1483 1458 1525 de
1497 1484 1547 1524 L.
1581 1482 1721 1534 Aelio,
1759 1484 1853 1538 ipso

428 1554 638 1597 Cicerone
668 1559 792 1607 teste,
821 1558 1001 1597 constat.
1065 1556 1282 1597 Interesse
1311 1555 1424 1597 enim
1453 1555 1621 1597 solebat
1648 1555 1854 1598 orationi-

425 1626 517 1678 bus,
547 1638 651 1680 quas
679 1625 829 1667 Aelius
856 1625 1066 1674 nobilium,
1090 1627 1372 1668 Romanorum
1400 1627 1546 1680 gratia
1569 1626 1855 1681 componebat,
1941 1638 1943 1642 ’

426 1697 780 1753 perstudioseque
799 1710 892 1740 eum
903 1697 1114 1740 audiebat.
1123 1697 1377 1740 Moderante
1401 1698 1537 1752 igitur
1553 1692 1691 1749 Aelio,
1703 1698 1856 1740 Cicero

428 1769 633 1809 oratoriis
663 1769 1046 1810 exercitationibus
1076 1781 1168 1811 cum
1196 1769 1447 1824 aequalibus
1485 1768 1657 1811 videtur
1684 1781 1856 1824 operam

432 1839 631 1881 dedisse.¹
676 1840 1027 1891 Quemadmodum
1063 1842 1243 1884 Athenis
1280 1846 1440 1896 postea,
1477 1841 1677 1884 hortante
1718 1845 1856 1896 patre,

429 1912 583 1954 Cicero
612 1911 728 1952 filius
762 1925 849 1953 non
887 1914 1022 1954 solum
1059 1913 1294 1969 principem
1332 1902 1715 1968 Peripateticorum
1751 1911 1856 1956 Cra-

426 1981 588 2038 tippum
616 1981 830 2036 audiebat,
859 1995 1010 2025 verum
1040 1983 1169 2025 etiam
1196 1987 1284 2025 tum
1312 1983 1479 2025 Graece
1510 1984 1621 2038 apud
1649 1983 1857 2035 Cassium,

425 2058 513 2094 tum
541 2053 653 2107 apud
681 2053 896 2107 Bruttium
923 2053 1081 2095 Latine
1111 2053 1414 2096 declamitabat
1434 2052 1482 2107 ¹),
1509 2054 1574 2096 ita
1603 2054 1854 2097 adolescens

427 2124 521 2179 ipse
551 2124 706 2167 Cicero
735 2124 1010 2179 peculiarem,
1040 2127 1087 2166 ut
1113 2137 1245 2180 supra
1282 2124 1527 2177 monuimus,
1565 2125 1734 2167 dicendi
1769 2138 1855 2168 ma-

426 2197 608 2252 gistrum
637 2197 812 2238 videtur
839 2196 1006 2238 Aelium
1033 2195 1250 2257 habuisse.
1278 2197 1400 2238 Hanc
1417 2196 1728 2238 institutionem
1755 2196 1855 2239 rhe-

426 2269 606 2311 toricam
635 2269 729 2311 sine
760 2268 887 2311 dubio
926 2268 1208 2324 significabat,
1249 2281 1373 2325 quum
1402 2268 1455 2311 de
1482 2268 1752 2312 incunabulis
1780 2282 1855 2311 ve-

428 2343 539 2385 teris
569 2354 672 2383 suae
701 2341 967 2397 puerilisque
998 2341 1220 2383 doctrinae
1249 2342 1515 2396 loqueretur,
1551 2345 1595 2382 et
1623 2341 1675 2383 de
1704 2342 1854 2384 ordine

426 2415 764 2468 praeceptorum,
794 2424 916 2468 quem
946 2424 1003 2453 ex
1032 2400 1114 2454 illa
1154 2410 1361 2464 doctrina,
1396 2415 1586 2453 maturus
1628 2416 1771 2454 aetate
1810 2416 1854 2454 et

426 2485 615 2538 ingenio,
642 2485 783 2525 nollet
821 2487 1021 2538 repetere
1052 2482 1104 2536 2).
1161 2481 1393 2524 Rhetorica
1437 2482 1583 2537 igitur,
1629 2496 1735 2538 quae
1772 2483 1854 2525 illa
1905 2494 1909 2497 ’

427 2554 586 2596 aetatis
625 2554 875 2596 maturitate
914 2566 1048 2608 puero
1085 2551 1170 2596 sibi
1207 2556 1281 2595 aut
1319 2552 1643 2596 adolescentulo
1680 2567 1704 2596 e
1743 2566 1853 2596 com-

477 2659 512 2712 ²)
541 2658 610 2700 Ad
636 2658 727 2699 Div.
756 2656 871 2698 XVI.
900 2656 965 2698 21.

475 2715 513 2769 2)
541 2714 607 2755 De
634 2713 747 2756 Orat.
776 2712 804 2753 1.
834 2713 871 2754 6.
1006 2735 1007 2738 =
