1961 3338
455 375 719 428 proscidisse
749 378 950 421 versibus
962 377 1010 432 ¹).
1040 380 1279 435 Propterea
1306 379 1466 424 crasso
1488 360 1633 423 minus
1658 380 1892 424 familiaris·

459 447 555 501 fuit,
583 450 697 504 quod
726 450 952 504 exagitare
980 449 1240 493 Scaevolam
1268 463 1484 507 augin-cm,
1513 452 1691 495 amicum
1725 452 1889 504 Crassi,

455 521 628 564 solebat
659 521 710 575 2).
768 522 911 573 Quid?
951 523 991 565 si
1027 524 1082 566 ob
1118 524 1297 566 candem
1324 537 1495 567 causam
1522 524 1737 568 Luciliu-
1763 524 1890 568 Aelio

372 591 376 596 ’
458 593 731 648 displicuisse
760 594 960 648 dicamus,
979 595 1053 651 qui
1074 595 1211 638 cidem
1232 595 1473 640 Scaevolae
1494 594 1731 639 familiaris
1744 596 1830 640 fuit
1838 595 1889 650 3).
1929 603 1933 605 ’

452 667 601 722 Neque
630 679 736 708 vero
765 666 1126 721 dissimulandum,
1155 668 1208 710 dc
1236 668 1453 711 industria
1482 682 1533 711 eo
1561 680 1706 722 versu,
1733 668 1784 712 in·-
1806 681 1889 724 quo

453 738 546 792 ipse
575 734 880 791 nominaretur,
908 740 973 782 uti
1000 740 1194 782 voluisse
1223 739 1404 794 Aelium,
1433 741 1629 796 quoniam
1657 746 1781 797 quum
1816 753 1889 783 re-

453 809 800 864 prehendendam
835 811 1013 853 duceret
1048 811 1264 854 assiduam
1290 812 1452 854 Lucilii
1490 813 1538 855 in
1573 812 1723 855 verbis
1766 810 1890 866 traji-

458 881 624 924 ciendis
662 882 1024 936 consuetudinem,
1059 883 1354 927 intolerabilis
1391 883 1475 927 sibi
1513 897 1692 939 prorsus
1727 884 1811 927 illa
1844 884 1890 927 iu

453 953 624 995 nomine
655 967 732 996 suo
760 954 946 997 ridicule
976 947 1229 1008 disjiciendo
1257 955 1495 997 videretur.

538 1025 779 1070 Videndum
807 1040 951 1082 porro,
979 1028 1078 1082 quid
1111 1027 1354 1070 existimari
1381 1031 1581 1082 oporteat
1619 1029 1672 1070 de
1712 1028 1888 1072 Cicero-
1916 1080 1918 1082 ῃ

455 1098 526 1140 nis
555 1098 814 1140 Rhetoricis.
841 1100 948 1142 Jure
976 1099 1154 1142 miratos
1183 1099 1302 1141 viros
1331 1099 1600 1141 doctissimos
1627 1087 1891 1153 negabimus,

458 1175 622 1213 tantam
649 1172 696 1213 in
724 1176 905 1227 utraque
933 1171 1238 1227 praeceptione
1266 1170 1485 1214 rhetorica
1523 1183 1667 1214 rerum
1704 1183 1774 1213 ac⁴
1793 1183 1891 1214 scn-

451 1243 683 1285 tentiarum
712 1242 1033 1285 similitudinem
1059 1243 1262 1295 inveniri,
1289 1247 1337 1286 ut
1356 1244 1452 1286 fere
1479 1243 1638 1298 pudeat
1657 1243 1888 1296 affirmare,

457 1319 692 1368 praecepta
733 1328 812 1356 sua
858 1315 1112 1358 Ciceronem
1152 1315 1259 1357 adeo
1308 1315 1515 1357 servilem
1541 1315 1604 1357 iu
1641 1314 1806 1359 modum
1833 1326 1893 1357 ex

455 1387 615 1429 alienis
642 1388 836 1429 fontibus
865 1386 1152 1428 desumsissct
1191 1386 1314 1438 Quod
1342 1386 1426 1428 etsi
1453 1386 1590 1441 ipsum
1618 1398 1771 1441 parum
1796 1398 1891 1429 cre-

455 1459 590 1502 dibile
619 1459 689 1513 sit,
716 1461 850 1501 multo
879 1463 1023 1502 tamen
1050 1460 1101 1502 iit
1121 1459 1357 1512 ,absurdius
1393 1458 1706 1514 reputantibus,
1742 1472 1773 1501 c
1802 1471 1890 1502 ma-

457 1532 587 1587 gistri
623 1532 752 1574 libris
788 1531 897 1574 hacc
943 1533 1150 1588 pleraque
1198 1531 1452 1587 discipulum
1504 1530 1800 1584 arcessivisse,
1837 1544 1889 1574 ac

457 1606 720 1647 verbotenus
757 1605 929 1660 saepius
967 1604 1262 1659 descripsisse.
1318 1604 1627 1646 Difficultatem
1661 1602 1786 1661 hujus
1823 1601 1892 1645 rei

457 1677 629 1719 minime
646 1677 1038 1732 praeterviderunt,
1061 1676 1308 1732 quicumque
1336 1675 1449 1718 hanc
1475 1675 1715 1730 attigerunt
1741 1687 1892 1731 quaes-

462 1750 645 1800 tionem;
674 1749 807 1791 aliter
835 1753 976 1791 autem
1004 1749 1084 1791 alii
1111 1761 1206 1790 eam
1233 1748 1441 1803 expedire
1471 1747 1727 1789 studuerunt
1750 1744 1804 1799 ⁴).
1831 1745 1893 1789 Ac

508 1856 542 1908 ¹)
573 1853 634 1895 Cf.
664 1853 822 1894 Dousa.
858 1853 1007 1895 Anuot.
1047 1852 1100 1894 ad
1135 1852 1264 1894 Lucil.
1300 1852 1460 1907 Fragm.
1496 1851 1581 1893 init.
1619 1849 1751 1904 Bayle
1787 1848 1896 1892 niet.

564 1923 667 1950 voce
692 1908 894 1950 Lucilius.

497 1967 536 2018 2)
565 1964 630 2006 Do
659 1964 773 2006 Orat.
801 1964 831 2005 l.
865 1964 928 2006 16.

500 2021 533 2074 ³)
562 2020 657 2061 vid.
684 2034 809 2075 supra
835 2033 873 2074 p.
903 2019 972 2062 37.
1024 2052 1027 2055 Α

496 2075 535 2130 ¹³)
563 2077 770 2118 Miramur
798 2090 909 2123 sane,
924 2078 1119 2132 juvenem
1147 2074 1273 2115 tantis
1300 2078 1461 2127 tamque
1489 2070 1710 2113 illustribus
1737 2070 1893 2125 ingenii

562 2130 834 2185 facultatibus
862 2132 1051 2185 omnique
1078 2129 1285 2171 rhetorum
1313 2129 1507 2170 doctrina
1547 2129 1791 2167 exornatum
1817 2126 1888 2167 ltu-

556 2190 633 2243 jus
670 2200 753 2227 non
794 2188 854 2228 ita
889 2186 997 2227 clari
1031 2187 1247 2240 scriptoris
1282 2184 1462 2238 vestiyiis
1501 2182 1736 2236 saepissime
1783 2183 1890 2224 adeo

571 2244 780 2290 institisse,
807 2247 854 2284 ut
882 2255 972 2283 eum
1010 2242 1070 2282 ad
1106 2241 1269 2282 verbum
1298 2243 1556 2293 ¹excerperet
1593 2242 1716 2291 atque
1749 2238 1890 2291 expn‘-

568 2303 707 2338 meret.
744 2298 890 2352 Neque
919 2302 1053 2338 tamen
1080 2296 1160 2337 hoc
1187 2300 1303 2337 tanto
1341 2295 1430 2335 viro
1466 2294 1679 2346 indiynum
1714 2305 1802 2332 esse
1836 2293 1890 2333 vi·
1955 2298 1961 2303 ’

571 2353 745 2401 debitur,
774 2355 811 2394 si
838 2367 960 2409 quam
984 2353 1116 2406 pauci
1144 2356 1228 2392 tum
1255 2350 1451 2404 temporis
1478 2347 1571 2389 libri
1611 2347 1765 2389 Latino
1811 2361 1890 2389 ser-

568 2423 686 2450 mone
722 2409 775 2449 de
802 2408 1008 2449 rhetorica
1036 2412 1126 2448 arte
1154 2406 1369 2459 compositi
1390 2405 1557 2457 fuerint,
1584 2404 1892 2443 meminerimus.

572 2465 678 2505 Inde
702 2466 764 2517 fit,
803 2468 851 2504 ut
875 2461 1093 2517 utrumque
1122 2466 1330 2503 auctorem
1357 2460 1553 2514 inprimis·
1578 2460 1624 2498 in
1651 2471 1786 2499 rerum
1823 2458 1890 2499 de-

565 2519 813 2574 finitionibus
840 2518 1134 2560 adumbramlis
1162 2522 1203 2559 et
1226 2518 1271 2558 in
1299 2514 1499 2569 exemplis
1526 2528 1554 2555 a
1576 2514 1715 2568 poetis
1755 2518 1887 2555 orato-

570 2576 760 2630 ribusque
787 2575 950 2616 Latinis
972 2575 1117 2628 petitis
1144 2574 1295 2614 mirum
1324 2574 1368 2613 in
1403 2571 1568 2611 modum
1600 2571 1693 2623 sere
1732 2583 1889 2622 semper

571 2633 785 2675 concinere
812 2631 1032 2673 videamus.
1060 2629 1145 2671 rell.
1174 2627 1361 2683 Purgold.
1398 2626 1523 2668 Obss.
1561 2626 1647 2666 crit.
1686 2625 1726 2665 in
1761 2624 1886 2678 Soph.

573 2687 708 2741 Eurip.
739 2687 820 2727 Cic.
849 2700 888 2740 p.
918 2685 1010 2727 307.
