1961 3338
736 263 800 274 ...
864 240 932 289 11
1001 264 1064 273 ...-

686 326 1109 405 caturia

639 427 849 503 Sem-¹
797 459 800 464 ’
872 445 1148 515 conj-tum.

265 552 429 608 Quodsi
455 548 701 597 recentiore
728 557 874 599 aetate
900 568 954 599 ae
978 554 1143 599 nostris
1170 541 1440 609 temporibus
1479 565 1609 609 quae-

182 628 329 681 rinus,
355 637 466 683 quae
493 625 688 685 valuerit
712 627 930 689 sententia
955 627 1010 672 de
1036 628 1206 672 incerto
1233 628 1411 670 auctore
1440 625 1496 669 ad
1523 626 1609 669 lle-

179 697 387 750 rennium,
432 687 713 754 improbatam
757 699 962 747 videmus
987 703 1183 743 veterum
1225 699 1609 743 Grammaticorum

180 768 445 831 aliorumque
473 768 785 825 auctoritatem,
812 770 885 827 qui
922 769 1016 814 sine
1045 767 1209 825 judicio
1242 768 1503 814 tralatfflum
1539 776 1608 812 er-

180 849 326 884 rorem
353 841 502 896 secuti,
529 838 779 885 Ciceronem
806 845 1022 886 auctorem
1049 845 1294 884 statuerunt
1314 840 1363 895 ι).
1390 841 1480 885 Sed
1497 840 1607 883 haec
1701 864 1704 866 -

180 912 349 968 quidem
388 914 617 957 eommunis
645 912 890 968 jamdudum
935 914 1082 957 fuerat
1126 912 1294 956 acutius
1324 911 1606 967 judicantium

181 984 411 1028 sententia.
475 986 627 1029 Novae
663 985 905 1031 sententiae
946 989 1096 1027 auctor
1133 984 1307 1028 exstitit
1344 982 1603 1028 Sebutaius.

182 1055 266 1098 Hie
293 1058 501 1100 recedens
530 1071 559 1100 a
584 1058 723 1101 variis
751 1058 970 1108 variorum
996 1055 1255 1111 conjecturis
1283 1060 1411 1111 atque
1440 1056 1604 1111 opinio-

177 1127 316 1183 nibus,
342 1128 403 1171 M.
431 1128 659 1173 Antonium
682 1122 967 1186 amionem,
992 1118 1181 1172 nobilem
1208 1127 1432 1172 ciceronis
1460 1132 1605 1171 aetate

176 1198 407 1255 rhetorem,
442 1201 580 1257 ipsius
615 1185 840 1246 Ciceronis
876 1200 1047 1244 dicendi
1085 1200 1348 1256 mafflstrum,
1387 1204 1605 1243 auctorem

87 1287 93 1290 ·
175 1271 388 1316 salutavit
415 1272 466 1328 ²).
522 1273 710 1317 Primam
743 1276 903 1327 autem,
931 1272 1129 1330 quoniam
1154 1273 1338 1316 nondum
1365 1272 1474 1315 satis
1502 1285 1603 1316 eon-

174 1345 295 1386 stare
330 1342 570 1398 videbatur,
605 1344 926 1400 posterioresne
976 1343 1083 1387 libri
1130 1344 1184 1397 de
1223 1344 1492 1398 Inventione,
1544 1356 1602 1386 an

175 1406 442 1469 antiquiores
482 1414 727 1457 Rhetoricis
766 1414 822 1457 ad
862 1414 1125 1474 Herennium
1151 1412 1329 1468 essent,
1364 1413 1478 1457 hanc
1517 1414 1603 1458 sibi

180 1484 472 1540 quaestionem
497 1485 765 1536 tractandam
799 1486 961 1539 sumsit,
997 1488 1294 1544 accurateque,
1330 1485 1469 1541 quoad
1508 1485 1602 1540 ejus

177 1555 278 1599 fieri
302 1558 486 1611 poterat,
513 1559 699 1599 aetatem
726 1556 871 1612 operis
909 1556 1176 1599 Herenniani
1213 1556 1476 1599 constituere
1513 1560 1602 1600 stu-

176 1626 290 1670 duit:
338 1627 506 1681 deinde,
551 1627 684 1670 missa
730 1631 970 1670 ceterarum
1022 1627 1267 1682 opinionum
1324 1628 1600 1682 refutatione,

176 1698 331 1753 quippe
359 1711 465 1754 quas
494 1702 540 1741 et
568 1698 648 1741 alii
673 1699 798 1741 multi
825 1702 872 1740 et
898 1698 1207 1746 studiosissime
1233 1698 1502 1741 Burmannus
1527 1713 1601 1755 op-

173 1773 423 1824 pugnasset,
450 1781 642 1812 errorem
669 1768 723 1812 de
752 1767 1008 1821 (lammens,
1045 1779 1221 1823 quorum
1254 1768 1388 1823 probe
1416 1772 1602 1812 aetatem
1693 1788 1700 1807 ι

175 1840 391 1894 distinxit,
417 1841 626 1883 refellere
655 1851 902 1895 aggressus,
929 1852 1011 1882 nec
1037 1843 1205 1894 patrem
1231 1853 1312 1882 nec
1339 1840 1474 1883 filium
1501 1853 1600 1883 auc-

175 1914 313 1954 torem
339 1909 578 1955 habendum
605 1923 715 1964 esse,
743 1923 767 1953 e
796 1901 1042 1972 temporum,
1063 1910 1214 1966 quibus
1232 1914 1413 1968 uterque
1440 1910 1600 1966 floruit,

173 1983 343 2025 ratione
371 1982 435 2025 ita
460 1982 747 2038 probabiliter
774 1981 1098 2035 demonstravit,
1124 1985 1174 2024 ut
1209 1982 1463 2025 dubitationi
1501 1984 1599 2025 nul-

171 2053 261 2096 lum
303 2055 445 2096 locum
483 2052 714 2109 reliquerit
746 2049 796 2106 ³).
851 2051 1045 2094 Tandem
1083 2064 1202 2095 suam
1250 2047 1505 2096 sententiam
1544 2053 1598 2096 de

172 2128 349 2169 auctore
387 2125 621 2181 proposuit,
659 2125 951 2180 diversasque,
997 2135 1106 2178 quae
1146 2135 1240 2166 eam
1281 2124 1504 2167 firmarent
1551 2130 1597 2168 et

171 2197 507 2252 comprobarent,
550 2197 744 2239 rationes
790 2194 1012 2238 indicavit.
1069 2196 1187 2246 Quae
1235 2195 1403 2250 quidem
1447 2190 1597 2252 quaffi

170 2269 260 2311 sint
285 2269 543 2325 habitaeque
570 2268 746 2321 fuerint,
772 2280 886 2310 nunc
907 2265 1036 2320 juvat
1063 2267 1309 2322 explorare.

224 2376 255 2426 ¹)
284 2373 363 2414 eff.
390 2369 567 2415 wetzel.
595 2372 675 2427 Op.
702 2371 729 2412 1.
756 2370 905 2426 Proleg
878 2385 943 2428 g.g
979 2370 1092 2412 ΒδΙιι·
1118 2369 1250 2425 Op.l.
1279 2383 1320 2425 p.
1348 2369 1444 2413 370.
1479 2370 1601 2413 Hand

279 2430 321 2469 in
348 2428 492 2470 Erseh.
520 2428 637 2481 Ency
638 2441 672 2468 c.
700 2431 729 2468 t.
757 2425 947 2522 XVstlp
947 2427 1079 2468 ..208
1106 2425 1345 2480 Bernhardy
1371 2426 1489 2468 Rem.
1517 2427 1598 2468 Lit.

277 2496 320 2578 p.
348 2484 441 2524 298.
469 2483 768 2524 Westermann
787 2482 873 2536 Op
901 2482 993 2537 Ρ.
1026 2481 1116 2522 186.
1147 2495 1237 2535 sqq.

217 2541 250 2592 2)
314 2538 463 2593 rolegg.
492 2538 545 2579 ad
573 2537 655 2579 Cic.
682 2537 823 2580 Rhett
835 2496 973 2593 pLips.
1014 2537 1130 2580 1804.
1169 2540 1212 2577 et
1247 2537 1353 2594 Opp.
1390 2538 1473 2581 Cic.
1507 2537 1601 2579 Pro-

221 2649 253 2704 ⁸)
281 2647 381 2691 Eud.
280 2606 448 2689 mi)
466 2593 665 2703 38478qq
630 2660 732 2704 sqq„
761 2649 826 2691 55.
854 2661 945 2705 sqq
