1961 3338
648 272 974 321 -51-

107 395 179 451 qui
205 394 336 437 talem
362 386 553 431 laborem
579 396 665 426 non
700 384 1033 437 reformidasset,
1072 395 1196 438 quam
1230 383 1339 425 vitio
1376 384 1510 425 vertit

104 468 191 521 „De
229 455 500 517 originibus“,
537 456 675 512 inquit
697 455 745 511 ²),
782 457 1034 511 „verborum
1062 455 1134 511 qui
1180 456 1314 497 multa
1360 456 1523 498 dixerit

107 535 329 584 commode,
356 529 497 585 potius
525 529 627 570 boni
654 530 966 580 consulendum,
993 541 1116 583 quam
1144 527 1217 583 qui
1244 528 1409 581 aliquid
1442 541 1517 569 ne-

109 605 307 664 quiverit,
335 599 752 655 reprehendendum;
786 600 1039 656 praesertim
1076 613 1168 643 cum
1207 599 1324 642 dicat
1363 603 1522 651 etymo-

109 679 249 733 logice
278 686 363 715 non
391 672 572 713 omnium
600 672 825 714 verborum
852 672 938 713 dici
964 685 1089 726 posse
1120 685 1306 714 causam:
1345 672 1416 726 qui
1454 685 1520 713 os-

107 749 246 792 tendit
289 745 520 801 equitatum
556 757 653 786 esse
691 744 743 787 ab
790 744 1014 800 equitibus,
1059 745 1224 801 equites
1269 744 1323 787 ab
1369 744 1523 800 equite,

107 820 289 876 equitem
317 817 370 859 ab
379 829 520 876 ‚equo,
547 828 683 872 neque
713 829 844 872 equus
872 817 982 858 unde
1011 817 1070 858 sit
1104 817 1238 870 docet,
1274 821 1417 859 tamen
1452 817 1525 859 hic

107 893 231 933 docet
248 893 293 931 et
308 877 435 943 plura
459 892 503 930 et
522 888 736 929 satisfacit
762 891 908 942 grato3
936 901 1058 943 quem
1072 889 1232 931 imitari
1248 890 1524 944 possimusne,

107 963 199 1017 ipse
228 961 342 1003 liber
369 960 526 1001 indicio
556 958 676 1001 erit.“

191 1033 423 1074 Ptaeclare
466 1032 601 1084 igitur
638 1034 683 1072 et
718 1031 1046 1072 clementissime
1092 1030 1145 1073 de
1189 1032 1396 1085 magistro
1445 1046 1522 1073 suo

112 1105 253 1147 Varro
276 1101 499 1157 judicavit.
528 1103 673 1156 Neque
701 1101 873 1155 parcius
902 1101 1079 1143 eundem
1116 1100 1266 1145 Cicero
1306 1103 1525 1154 laudavit;

108 1175 180 1231 qui
210 1174 450 1216 accuratius
480 1173 608 1214 etiam
642 1176 687 1213 et
723 1172 926 1214 disertius
962 1173 1051 1214 viri
1087 1173 1243 1215 merita
1276 1178 1527 1228 persecutus

114 1251 181 1289 est
208 1247 255 1289 in
281 1247 415 1288 Bruto
446 1245 502 1299 ²):
530 1245 656 1298 „Fuit
682 1243 831 1286 Aelius
860 1244 932 1287 vir
960 1245 1174 1300 egregius,
1203 1249 1247 1287 et
1275 1259 1404 1301 eques
1441 1247 1526 1289 Ro-

106 1331 255 1367 manus
307 1330 398 1358 cum
436 1317 584 1371 primis
629 1316 845 1369 honestus,
891 1316 1084 1370 idemque
1131 1318 1442 1359 eruditissimus
1482 1322 1528 1360 et

109 1389 291 1431 Graecis
317 1389 470 1436 literis
503 1393 546 1430 et
581 1389 763 1440 Latinis,
801 1388 1151 1443 antiquitatisque
1187 1394 1362 1431 nostrae
1401 1394 1445 1430 et
1479 1389 1526 1437 in

108 1460 299 1504 inventis
326 1460 456 1504 rebus
485 1463 529 1501 et
563 1459 611 1502 in
647 1459 755 1502 actis
792 1459 967 1501 literate
1004 1459 1192 1514 peritus:
1230 1473 1353 1515 quam
1390 1461 1528 1503 scien-

109 1533 215 1574 tiam
240 1534 380 1574 Varro
408 1536 557 1572 noster
587 1535 802 1585 acceptam
831 1532 883 1573 ab
913 1532 1005 1584 illo,
1035 1536 1278 1587 auctamque
1307 1545 1387 1586 per
1415 1546 1525 1586 sese,

113 1604 185 1647 vir
212 1603 386 1659 ingenio
414 1606 653 1658 praestans,
689 1602 882 1658 omnique
920 1603 1125 1657 doctrina,
1163 1604 1358 1659 pluribus
1396 1608 1441 1646 et
1474 1605 1530 1647 il-

110 1675 388 1717 lustrioribus
415 1675 559 1715 literis
600 1675 847 1728 explicavit.
903 1674 992 1717 Sed
1027 1675 1140 1716 idem
1174 1675 1323 1716 Aelius
1360 1676 1530 1718 Stoicus

112 1761 210 1789 esse
239 1748 390 1798 voluit,
418 1751 567 1789 orator
595 1751 734 1789 autem
768 1760 848 1788 nec
887 1739 1047 1788 studuit
1082 1760 1265 1801 unquam
1298 1762 1378 1790 nec
1414 1748 1532 1791 fuit.“

197 1817 408 1859 Habemus
436 1816 506 1858 hic
523 1816 719 1859 breviter
736 1816 974 1870 expositam
993 1817 1124 1857 totius
1139 1817 1347 1859 Aelianae
1376 1819 1534 1860 doctri-

111 1903 194 1931 nae
222 1889 542 1942 praestantiam.
599 1890 694 1931 Non
732 1888 843 1930 enim
872 1888 1163 1930 eruditionem·
1186 1893 1348 1932 tantum
1377 1895 1421 1932 et
1457 1904 1533 1933 va-

28 1964 30 1966 ’
103 1960 221 2003 ‘riam
249 1963 340 2003 cum
369 1960 632 2003 Graecarum
659 1964 747 2002 tum
774 1959 1024 2001 Latinarum
1051 1960 1275 2002 literarum
1313 1962 1534 2005 scientiam

111 2034 334 2088 praedicat
363 2033 527 2086 Cicero,
556 2034 633 2075 sed
661 2033 790 2074 etiam
819 2033 1080 2095 singularem
1100 2034 1428 2089 interioremque
1458 2050 1533 2078 an-

62 2116 71 2124 *
111 2104 328 2159 tiquitatis
357 2106 570 2147 Romanae
601 2104 885 2158 cognitionem
914 2104 955 2145 ei
984 2105 1145 2156 tribuit,
1175 2118 1296 2159 quam
1335 2107 1398 2148 ita
1433 2120 1531 2161 per-

112 2180 301 2230 spectam
335 2175 536 2218 habuisse
577 2175 712 2227 docet,
750 2178 797 2216 ut
832 2179 875 2216 et
914 2175 960 2216 in
998 2177 1186 2218 inventis
1221 2176 1367 2228 rebus,
1405 2191 1532 2233 quae-

114 2261 277 2303 cunque
312 2248 479 2290 scilicet
517 2247 572 2289 ad
609 2247 775 2301 priscos
802 2246 948 2301 populi
982 2259 1120 2288 mores
1136 2253 1138 2255 '
1157 2251 1201 2289 et
1229 2248 1437 2304 instituta,
1478 2252 1533 2293 ad

113 2320 324 2373 originem
354 2323 399 2360 et
426 2318 683 2361 incunabula
710 2317 875 2369 artium,
904 2318 958 2359 ad
985 2319 1196 2372 publicam
1235 2321 1531 2377 privatamque

111 2390 382 2445 disciplinam
408 2390 688 2446 pertinerent,
719 2393 763 2431 et
790 2389 837 2431 in
864 2391 995 2441 actis,
1024 2402 1130 2445 quae
1168 2389 1362 2435 historiis
1400 2406 1533 2437 annae

108 2462 305 2516 libusque
336 2463 676 2514 continebantur,
704 2461 922 2504 habitaret
951 2459 999 2514 ³).
1039 2461 1280 2513 Accedebat
1308 2469 1448 2508 autem
1478 2469 1533 2509 ad

156 2577 188 2656 ζ)
217 2575 280 2615 ne
306 2575 354 2617 L.
381 2575 430 2617 L.
457 2575 547 2617 vu.
576 2577 615 2618 4.

156 2634 191 2741 ³3
219 2629 415 2731 g‘ffgim.
444 2685 540 2728 crit.
568 2686 697 2729 Nova,
726 2687 819 2728 vol.
847 2685 876 2729 1.
905 2700 943 2740 p.
976 2686 1064 2729 136.
