1961 3338
667 272 730 280 ....
795 249 865 298 ω
930 270 993 282 .-

231 367 340 411 vide
368 365 421 407 de
457 363 539 407 hoe
575 366 782 409 vocabulo
818 366 1101 409 disserentem
1136 363 1366 407 Heimbaeh
1401 378 1441 419 p.
1468 367 1537 407 43.

231 441 360 482 Putat
385 437 650 491 frumentum,
666 438 776 494 quocl
792 440 931 482 molae
960 436 1196 492 subjicitur,
1223 435 1264 479 h.
1284 437 1314 478 1.
1337 437 1390 480 ab
1412 437 1538 480 Aelio

230 506 481 562 significari.

119 581 159 620 3.
188 573 427 631 FESTUS
453 589 492 618 v.
521 575 696 621 Pescia.

154 656 157 658 ·
201 643 431 689 PESGIA
457 649 504 688 in
531 646 706 691 Saliari
742 650 937 691 camnine
972 646 1132 691 Aelius
1168 646 1289 692 Stilo
1328 647 1421 691 diei
1455 650 1535 699 ait,

119 719 289 772 capitia
316 730 376 760 eae
410 716 602 773 pellibus
638 722 813 775 agminis
848 717 990 774 faeta,
1029 720 1146 777 quod
1177 719 1343 765 Graeci
1379 723 1536 764 vocent

115 789 260 842 pelles
285 793 411 839 πέσκη,
438 795 595 833 neutro
617 804 780 845 ywere
804 791 1053 845 pluraliter.
1088 832 1092 842 ,

791 947 846 987 11.

434 1058 544 1103 ΧΠ
570 1059 845 1103 Tabularum
871 1059 1203 1115 Interpretatio.

569 1131 656 1175 Cic.
685 1132 738 1174 de
766 1133 903 1187 Legg.
930 1133 985 1178 11.
1013 1135 1082 1174 23.

116 1230 151 1269 1.
181 1223 295 1270 cm.
323 1224 353 1268 l.
382 1224 411 1274 l.

195 1295 251 1340 L.
279 1294 439 1341 Aelius
465 1294 732 1348 LESSUM,
761 1299 892 1354 quasi
919 1296 1140 1352 luyubrem
1168 1294 1461 1353 ejulationem.

225 1368 449 1411 Pertinent
476 1366 583 1410 haec
612 1368 667 1410 ad
695 1368 832 1410 verba
858 1367 905 1409 in
931 1368 1035 1409 XII:
1063 1364 1284 1423 Mulieres
1305 1380 1448 1423 genas
1474 1382 1531 1413 ne

220 1439 425 1491 raduuto,
472 1432 589 1482 neve'
615 1438 780 1482 lessum
822 1437 999 1493 funeris
1037 1451 1141 1495 eryo
1165 1438 1381 1484 habento.
1438 1444 1530 1485 Hoc

206 1505 398 1553 >veteres
425 1512 697 1565 interpretes,
725 1512 788 1553 ait
816 1511 981 1563 Cicero,
1017 1511 1127 1554 Sex.
1160 1512 1322 1566 Aelius,
1350 1514 1401 1554 L.
1430 1514 1529 1557 Aei-

223 1583 309 1625 lius
336 1597 424 1625 non
452 1583 558 1625 satis
587 1595 633 1624 se
662 1582 912 1637 intelligere
949 1581 1163 1635 dixerunt,
1203 1583 1281 1624 sed
1316 1585 1529 1639 suspicari

222 1653 467 1695 vestimenti
494 1652 666 1707 aliquod
694 1665 828 1707 genus
855 1652 1061 1695 funebris.
1103 1652 1154 1694 L.
1187 1652 1335 1704 Aelius
1361 1655 1532 1709 lessum,

224 1726 345 1780 quasi
373 1726 596 1780 lugubrem
625 1724 899 1779 ejulationem
934 1722 1014 1777 (se.
1043 1735 1139 1765 esse
1177 1723 1322 1777 dixit),
1358 1728 1407 1766 ut
1442 1739 1533 1768 vox

222 1796 318 1849 ipsa
362 1796 595 1849 significat:
634 1795 745 1849 quod
785 1807 835 1835 eo
879 1794 1016 1848 magis
1054 1792 1198 1847 judico
1234 1807 1383 1837 verum
1423 1809 1533 1850 esse,

225 1867 324 1922 quia
350 1868 429 1910 lex
455 1866 629 1911 Solonis
657 1866 703 1908 id
729 1866 866 1922 ipsum
893 1869 1027 1908 vetat.
1048 1887 1103 1895 —
1134 1866 1320 1910 Turneb.
1349 1867 1404 1909 ad
1431 1867 1473 1910 h.
1501 1869 1531 1911 1.

222 1938 328 1978 dicit
354 1935 546 1980 Lessum
582 1950 678 1978 esse
715 1950 863 1978 vocem
897 1937 1101 1989 fictitiam,
1127 1950 1208 1991 per
1235 1943 1531 1993 onomatopoe-

221 2009 319 2052 iam.
372 2010 518 2053 Verba
544 2009 719 2053 Solonis
746 2009 895 2052 laudat
922 2010 1035 2051 Plut.
1063 2008 1154 2053 Sol.
1190 2022 1225 2051 c.
1260 2013 1327 2052 21.
1383 2012 1461 2052 Καὶ
1486 2012 1527 2053 τὸ

219 2079 369 2121 κωκύειν
396 2079 506 2120 ἄλλον
535 2085 572 2120 ἐν
598 2084 733 2130 ταφαῖς
759 2082 900 2133 ἑτέρων,
929 2065 1083 2130 ἆφὲῒλεν.
1112 2079 1195 2123 Cff.
1225 2081 1351 2123 Tusc.
1380 2082 1434 2123 ΙΙ.
1461 2085 1530 2124 23.

219 2152 360 2193 Plaut.
389 2152 563 2193 Trucul.
593 2153 663 2193 lv.
700 2155 739 2192 2.
778 2154 843 2193 18.
899 2151 965 2192 Ad
1000 2164 1041 2193 v.
1076 2149 1268 2195 Lessum
1301 2158 1533 2208 praeterea

217 2223 460 2267 Creuzerus
488 2224 677 2265 conferri
708 2222 833 2277 jubet
871 2215 1181 2279 Pouquevilles
1213 2221 1322 2282 Voy.
1349 2225 1403 2269 de
1429 2224 1531 2270 Μο-

218 2306 300 2337 rea
328 2297 358 2338 ὰ
386 2293 753 2348 Constantinople
779 2295 874 2336 Vol.
903 2295 935 2335 1.
964 2308 998 2336 c.
1026 2296 1094 2336 30.

108 2370 148 2409 2.
176 2363 416 2410 FESTUS
443 2380 480 2410 v.
508 2365 725 2412 sonticus
752 2365 940 2410 morbus.
1252 2411 1255 2418 ,

189 2433 517 2479 soNTIGUM
540 2434 804 2480 MORBUM
831 2439 878 2479 in
911 2436 1138 2479 duodecim
1169 2435 1429 2493 significare
1462 2440 1529 2481 ait

109 2504 268 2552 Aelius
294 2506 415 2550 Stilo
443 2512 612 2551 certum
639 2520 738 2552 eum
753 2505 885 2564 justa
912 2518 1064 2550 causa.

217 2578 505 2622 Glossarium:
534 2579 752 2624 Sontieus
777 2578 969 2632 morbus,
997 2580 1077 2635 ἱερὰ
1104 2579 1225 2629 νόσος.
1265 2580 1331 2625 Cf.
1360 2580 1531 2624 Gellius

217 2653 329 2695 XVI.
357 2655 398 2695 4.
426 2655 522 2694 XX.
551 2657 589 2694 1.
