1961 3338
987 264 1315 314 -243-

519 379 636 421 Dicit
664 379 777 423 enim
795 380 1037 432 Suetonius,
1053 378 1112 421 L.
1129 378 1305 422 Aelium
1333 383 1376 422 et
1393 377 1522 422 Serv.
1545 375 1778 421 Claudium
1805 376 1861 421 ab

436 453 553 493 omni
578 455 711 506 parte
739 450 1082 496 Grammaticam
1111 452 1388 494 instruxisse
1423 454 1556 506 atque
1593 451 1781 493 auxisse
1800 450 1849 503 ¹).

437 523 594 565 Paucis
622 523 691 565 his
722 523 1030 566 verbis-multa
1058 535 1108 564 ac
1134 535 1292 577 magna
1319 521 1741 577 comprehenduntur.
1783 522 1857 565 Vi-

435 594 584 648 dimus,
623 596 824 651 quome‘do
863 608 890 637 a
907 595 1120 651 parvulis
1157 600 1255 638 orta
1289 597 1440 649 initiis,
1478 595 1619 638 tenuis
1656 608 1684 637 a
1726 596 1858 647 fonte,

435 669 595 710 sensim
623 668 861 722 sensimque
899 681 947 709 se
985 668 1245 722 explicuerit
1283 668 1581 719 Grammatica,
1620 667 1860 709 increverit

435 739 695 794 aliquantum
724 731 986 788 Graecorum
1014 736 1168 781 studiis
1183 736 1232 781 ‘et
1257 737 1509 793 imitatione,
1526 736 1681 781 deinde
1705 750 1732 780 a
1758 752 1860 792 poe-

432 815 571 852 tarum
606 811 882 853 enarratione
926 811 1059 855 latius
1110 810 1283 863 diffusa,
1321 823 1486 856 omnem
1524 809 1732 854 historiae
1768 812 1859 853 elo—

433 882 714 938 quentiaeque
743 884 932 938 campum
966 882 1317 938 per-lustraverit.
1360 883 1462 926 'Sed
1493 882 1682 925 ‘studium
1720 884 1858 938 magis

430 954 586 1008 fuerat,
627 967 750 1010 quam
787 967 884 1007 ars3
919 956 1102 998 nondum
1137 955 1382 1012 praeceptis
1425 957 1671 1012 regebatur,
1708 968 1857 1000 verum

431 1027 687 1071 assiduitate
717 1029 898 1071 docendi
926 1028 1195 1084 disciplinam
1223 1025 1431 1084 quandam
1453 1029 1731 1071 Grammatici
1759 1042 1859 1071 con-
1899 1081 1907 1097 ¹

431 1100 676 1153 stituerant,
714 1113 871 1156 vagam
911 1105 956 1144 et
983 1099 1278 1154 fluctuantem,
1316 1113 1432 1159 quae·
1460 1100 1516 1143 ad
1555 1104 1699 1142 certus
1733 1096 1857 1155 leges

430 1174 634 1215 revocari
662 1174 931 1216 ac·stabiliri
960 1172 1155 1217 debebat.
1183 1171 1345 1216 Deerat
1363 1178 1517 1225 autem,
1535 1177 1583 1214 ut
1600 1174 1726 1215 brevi
1746 1170 1857 1215 com-

431 1245 612 1297 plectar,
641 1245 752 1299 quod
781 1245 902 1300 quasi
930 1245 976 1287 in
1003 1243 1179 1287 recessu
1205 1244 1393 1288 habebat
1432 1244 1729 1298 Grammatica,
1763 1256 1858 1287 rec-

430 1319 517 1356 tum
548 1315 753 1369 judicium
792 1319 836 1358 et
870 1316 1088 1359 scribendi
1115 1329 1217 1358 usus
1243 1329 1296 1358 ac
1332 1317 1601 1358 consuetudo.
1656 1316 1719 1357 Ac
1754 1316 1859 1357 scri-

427 1386 557 1428 bendi
586 1387 753 1442 quidem
780 1384 955 1429 utilitas
975 1385 1346 1442 nullasapparere
1383 1383 1532 1442 potuit,
1562 1388 1757 1443 quamdiu
1791 1387 1857 1430 in-

429 1463 550 1501 certa
578 1458 720 1501 studia
746 1458 963 1514 nullisque
993 1459 1193 1502 ordinata
1220 1460 1390 1516 legibus
1412 1464 1548 1502 erant.
1578 1459 1855 1502 Grammatici

426 1531 603 1585 generis
630 1531 746 1573 liber
784 1530 931 1573 nullus
972 1536 1072 1574 ante
1110 1531 1220 1574 haec
1245 1528 1458 1587 ‘tempora
1501 1536 1769 1584 memoratur,
1809 1532 1855 1574 in

425 1603 608 1644 materia
637 1608 778 1645 autem
806 1602 1041 1646 Rhetorica
1067 1605 1227 1659 primus
1263 1599 1328 1646 ac?
1344 1605 1471 1645 solus
1508 1617 1531 1645 e
1570 1604 1739 1655 dicendi
1774 1616 1853 1645 usu

429 1687 480 1717 ac
515 1674 793 1718 meditatione
831 1676 996 1732 aliquid
1035 1677 1178 1732 oper-is
1216 1678 1511 1732 depromserat
1548 1676 1655 1721 Cato
1694 1676 1852 1719 Censo-

423 1747 517 1789 rius
546 1746 596 1801 ²).
657 1747 748 1790 Hoc
767 1752 918 1790 -autem
946 1748 1102 1791 omisso
1130 1749 1317 1804 negotio,
1352 1761 1530 1791 necesse
1566 1752 1673 1803 erat,
1711 1753 1758 1791 ut
1796 1749 1850 1792 ad

423 1821 650 1875 pauciores
678 1820 821 1863 omnis
843 1822 1064 1864 doctrinae
1094 1823 1257 1863 fructus
1285 1817 1548 1876 perveniret,
1584 1834 1732 1875 neque-
1756 1826 1851 1863 tan-

427 1896 496 1933 tus
536 1891 774 1933 exsisteret
810 1892 1044 1934 studiorum
1081 1892 1222 1947 ardor,
1259 1888 1457 1950 quantum
1479 1890 1710 1936 ‘scribendi
1745 1906 1849 1937 cura

421 1965 580 2006 attulit.
608 1965 925 2019 Requirebatur
953 1966 1087 2018 igitur
1113 1967 1299 2008 facultas
1328 1967 1492 2017 critica,
1521 1976 1629 2019 quae
1658 1962 1848 2007 invaluit

419 2035 530 2090 apud
558 2036 781 2088 Romanos,
812 2047 892 2092 quo
922 2028 1111 2092 tempore
1138 2034 1434 2092 philosophiae
1463 2036 1636 2080 Stoicae
1674 2032 1846 2093 operam

418 2108 646 2150 naverunt.
676 2108 816 2162 Hujus
840 2108 1022 2151 studium
1050 2121 1142 2151 cum
1170 2104 1422 2150 dialecticae
1453 2109 1728 2161 excolendae,
1758 2114 1844 2152 tum

418 2181 740 2222 constituendae
771 2180 1083 2223 Grammaticae
1113 2180 1319 2235 imprimis
1343 2180 1516 2236 profuit.
1540 2175 1716 2236 sInquiri
1746 2181 1845 2224 dili-

415 2253 587 2306 gentius
617 2254 758 2306 coepit
785 2253 831 2294 in
861 2251 1089 2295 verborum
1116 2250 1322 2307 origines,
1339 2249 1608 2305 mutationes,
1630 2248 1674 2294 et
1702 2250 1842 2295 affini-

414 2328 540 2366 tates.
571 2325 607 2366 E
637 2325 839 2379 diligenti
866 2337 1011 2366 rerum
1040 2320 1354 2380 temporumque
1391 2319 1667 2379 inquisitione
1697 2326 1842 2368 acrior

409 2396 669 2449 observatio,
688 2396 757 2438 'ex
784 2394 865 2438 hac
894 2395 1034 2438 autem
1071 2394 1225 2438 sanius
1240 2395 1458 2449 judicium,
1488 2395 1683 2439 doctrina
1711 2408 1838 2451 prae-

368 2598 383 2638 r-
449 2560 490 2666 21))
515 2556 779 2660 guildtzlnst.
810 2611 880 2654 Or.
910 2604 985 2655 111.
1004 2595 1053 2655 ⁷1.
1083 2612 1143 2655 Cf.
1172 2610 1411 2665 Bernhardy
1450 2611 1618 2655 Grundr.
1647 2613 1685 2656 d.
1714 2612 1835 2657 Ram.

512 2667 592 2711 Lit.
617 2682 657 2723 p.
685 2668 779 2711 306.
801 2667 895 2713 325.
916 2682 1010 2724 sqq.
1030 2667 1208 2723 Madvig.
1237 2666 1412 2722 Opusec.
1441 2668 1567 2712 Acad.
1591 2683 1631 2725 p.
1659 2668 1726 2716 87.
1743 2682 1833 2725 sqq.
