1961 3338
60 1156 135 1247 Ε
165 1206 304 1249 variis
331 1204 517 1262 scriptis,
545 1218 655 1262 quae
690 1218 749 1252 ex
785 1206 1043 1262 antiquitate
1083 1208 1261 1248 servata
1298 1199 1484 1255 aetatem

59 1278 265 1331 tulerunt,
298 1278 465 1321 nullum
480 1273 482 1275 ’
498 1277 631 1320 facile
669 1282 748 1331 est,
782 1277 897 1334 quod
932 1271 976 1320 a'
993 1279 1165 1320 renatis
1198 1278 1301 1327 inde
1337 1276 1483 1319 literis

60 1362 152 1392 cum
176 1341 225 1392 in
252 1350 393 1402 Italia,
420 1353 507 1392 tum
534 1349 581 1392 in
610 1349 844 1394 Germania
879 1354 1123 1405 tantopere*
1142 1343 1484 1392 doctissimorum

59 1421 250 1464 vironnn
277 1421 455 1476 ingenia
481 1419 725 1464 adverterit
750 1425 879 1477 atque
912 1421 1179 1475 exercuerit,
1216 1424 1483 1477 quantopere

58 1491 282 1536 maturini
315 1494 423 1536 libri
459 1494 515 1536 aa
558 1480 843 1536 Herennium?
858 1493 1036 1554 'serim
1091 1486 1365 1536 Incredibile.
1398 1492 1485 1538 fuit

59 1577 204 1606 eorum
239 1564 435 1618 studium,
470 1563 543 1619 qui
578 1564 707 1608 varia
733 1568 885 1610 aetate*
905 1565 959 1607 de
987 1554 1156 1608 incerto
1182 1564 1305 1607 fflius
1333 1564 1483 1619 operis

58 1640 232 1678 auctore
260 1632 531 1680 commentati
558 1639 668 1677 sunt.
697 1630 1005 1678 Discessenmt'
1031 1648 1060 1677 a
1088 1648 1136 1678 se
1163 1635 1352 1677 invicem
1381 1638 1427 1677 et
1453 1648 1483 1677 a

57 1706 298 1764 semetipsis
326 1707 504 1751 subinde
533 1707 841 1761 dissenserunt,
871 1707 945 1763 qui
979 1706 1107 1762 primi
1145 1707 1193 1750 in
1229 1710 1482 1750 controver-

34 1780 164 1822 siam
191 1792 283 1822 rem
311 1778 449 1822 adhuc
475 1779 759 1825 indubitatam
788 1775 1062 1829 adducerent
1107 1779 1228 1827 Nihil
1256 1780 1482 1837 quidquam

56 1852 283 1895 videbatur
310 1850 503 1906 gravius,
531 1864 656 1907 quam
695 1865 822 1906 posse
860 1842 1074 1907 proferre,
1112 1852 1224 1907 quod
1262 1851 1318 1894 ad
1354 1854 1479 1907 supe-

53 1922 214 1966 riorum
250 1923 521 1979 diligentiam
559 1924 802 1977 adderetur,
841 1923 939 1966 sive
976 1924 1022 1966 id
1058 1924 1114 1966 ad
1149 1924 1478 1966 confirmandam

53 1999 272 2050 receptam
294 1996 419 2040 fidem
446 1997 631 2050 valeret,
659 1996 754 2039 sive
783 1996 839 2038 ad
874 1996 1213 2051 impugnandam.
1271 1996 1475 2051 Plerique

52 2067 235 2120 partium
262 2067 404 2111 studio
431 2067 782 2121 incendebantur,
810 2071 858 2109 ut
885 2067 1051 2124 aliquid
1078 2068 1153 2110 vel
1189 2066 1307 2110 dubii
1333 2079 1478 2110 move-

51 2142 162 2193 rent,
201 2140 277 2183 vel
313 2140 424 2183 certi
459 2140 793 2183 contenderent:
831 2151 989 2195 paucos
1022 2137 1177 2193 judicii
1213 2139 1410 2194 aequitas
1446 2151 1476 2181 a

53 2211 296 2254 temeritate
327 2212 497 2255 alienos
526 2216 571 2256 et
611 2213 666 2255 ad
701 2212 953 2268 prudentem
988 2211 1329 2273 disqtdsitionem
1359 2199 1476 2254 com-

50 2279 213 2335 positos
239 2282 401 2328 habuit.
430 2284 588 2329 Fiebat
614 2283 689 2338 ita,
712 2287 761 2327 ut
785 2284 883 2340 plus
911 2283 1157 2328 certaminis
1184 2281 1332 2337 honos
1351 2295 1476 2339 quam
1564 2320 1570 2329 .

52 2354 149 2395 veri
177 2368 306 2400 causa
333 2358 517 2410 valeret,
544 2360 592 2399 ut
617 2358 716 2412 plus
743 2351 1000 2409 moveretur,
1038 2365 1162 2411 quam
1197 2368 1474 2410 promovere-

51 2426 141 2474 tur;
178 2425 358 2483 denique
394 2432 454 2481 ut,
493 2431 714 2483 postquam
747 2428 943 2483 plurimis
980 2427 1246 2482 maximeque
1282 2427 1472 2481 prolixis

51 2495 407 2551 disputationibus
443 2499 743 2556 controversia
768 2488 939 2556 penitus
973 2496 1205 2555 profligata
1237 2499 1472 2551 videretur,

52 2568 125 2625 qui
151 2569 322 2619 tandem
350 2573 631 2624 succederent
654 2562 902 2629 judicatum,
930 2584 1137 2628 suspenso
1169 2570 1333 2626 judicio
1369 2570 1471 2616 bae·

50 2647 210 2686 terent.
452 2661 456 2665 ·

1226 2713 1251 2751 1
