1961 3338
342 301 463 347 vm

347 406 446 460 lint,
476 405 555 449 sed
582 411 631 449 ut
658 418 751 450 cum
776 407 926 462 paucis
954 406 1098 461 excipi
1126 416 1332 459 curemus,
1367 403 1440 462 qui
1475 405 1615 448 sciant
1639 406 1775 451 velle.

347 494 441 537 Hac
468 495 569 550 lege
599 506 657 537 ex
684 494 971 537 communibus
999 493 1155 539 studiis
1181 493 1305 536 illam
1323 505 1473 537 veram
1494 491 1774 537 delibabimus

345 582 662 634 humanitatem,
690 594 814 636 quam
841 585 889 622 ut
915 581 1090 635 pariant
1116 581 1195 622 sui*
1212 582 1430 634 studiosis,
1457 582 1578 636 ipsae
1615 576 1774 622 literae

351 670 438 714 coli
467 675 513 714 et
539 670 721 713 tractari
748 670 956 712 assolent.
984 669 1103 712 Haec
1131 682 1256 725 quum
1283 669 1427 724 cogito
1444 683 1496 712 ac
1513 674 1654 712 mente
1671 668 1775 711 muni

348 758 545 812 informo,
572 756 814 813 praeterita
840 756 1062 799 recordor.
1106 757 1217 800 Nam
1245 756 1301 799 ad
1327 755 1409 800 hoc
1434 756 1661 801 literarum
1690 760 1778 801 sta-

347 849 471 899 dium,
510 847 621 901 quod
655 847 780 888 nobis
821 859 844 887 e
885 846 1081 901 plurimis
1130 845 1249 887 vitae
1292 845 1502 888 humanae
1548 846 1780 893 curriculis,

347 937 495 987 solum,
522 934 659 989 ipsius
689 947 835 976 amore
864 935 980 976 ducti
1008 938 1054 975 et
1079 934 1240 986 imbuti,
1278 934 1577 987 expetivimus,
1604 935 1777 976 memini

348 1034 415 1066 me
452 1035 480 1065 a
514 1025 560 1064 te
602 1022 968 1065 adolescentulum
1005 1021 1179 1066 institui
1219 1025 1264 1065 et
1300 1022 1499 1075 excitari,
1540 1035 1664 1078 quum
1698 1018 1779 1064 nos

352 1112 475 1155 urbis
515 1110 793 1166 Trajectinae
829 1110 999 1154 moenia
1033 1111 1315 1165 continerent,
1352 1111 1499 1154 senior
1537 1114 1678 1153 autem
1711 1121 1779 1154 me

342 1200 560 1254 juniorem
588 1202 784 1255 exemplo
815 1201 1081 1252 adverteres,
1109 1200 1259 1243 verbis
1293 1200 1558 1252 incenderes,
1598 1200 1779 1242 consilio

349 1289 661 1344 disciplinaque
691 1287 934 1342 adjuvares.
983 1288 1103 1330 Haec
1130 1292 1188 1342 tu,
1217 1301 1325 1343 quae
1354 1292 1429 1330 tua
1454 1288 1675 1341 modestia,
1702 1301 1777 1330 ne*

348 1388 456 1430 gare
486 1377 614 1429 soles,
643 1379 761 1417 certe
790 1375 964 1417 leviora
992 1375 1161 1428 ducere,
1190 1387 1299 1429 quae
1335 1378 1479 1418 tamen
1516 1368 1781 1430 gravissima

345 1463 451 1505 mihi
478 1464 655 1505 fuerunt
684 1467 729 1505 et
758 1463 1077 1517 acceptissima:

570 1550 641 1600 Μὴ
672 1550 776 1600 δῆτα,
802 1552 915 1602 supi,
942 1549 993 1603 μὴ
1023 1548 1070 1590 σύ
1095 1550 1207 1591 vsu&
1232 1547 1267 1603 γ’
1298 1552 1441 1605 ἐκπέσῃ,

564 1621 628 1667 Ἐξ
654 1614 706 1662 ‹fne
732 1622 780 1662 τὰ
806 1622 915 1663 κεδνὰ
941 1621 1137 1674 βλαστάνει
1160 1620 1407 1674 βουλεύματα.

430 1709 631 1752 Maluisti
657 1709 806 1763 igitur,
833 1709 1009 1751 intactis
1046 1709 1153 1761 illis,
1190 1721 1298 1763 quae
1335 1712 1487 1763 gratus
1525 1709 1688 1752 animus
1717 1711 1784 1767 eff

346 1798 468 1839 ferre
503 1796 690 1850 juberet,
730 1796 777 1838 in
806 1809 857 1838 eo
895 1808 962 1840 me
1003 1796 1189 1849 versari,
1226 1800 1274 1838 ut
1312 1796 1541 1839 amicitiam
1575 1801 1785 1852 nostium,¹

348 1886 583 1929 studiorum
610 1886 889 1928 similitudine
920 1885 1236 1940 animorumque
1265 1884 1561 1950 conjunctione
1598 1891 1785 1941 partam,

347 1978 436 2017 tum
463 1988 571 2017 vero
601 1961 995 2017 excellentissimae
1024 1970 1280 2028 disciplinae
1309 1976 1639 2018 communionem
1666 1977 1778 2019 acci-

344 2068 500 2117 perent
529 2076 653 2117 quam
681 2064 867 2117 plurimi.
894 2064 987 2117 Age
1017 2076 1135 2115 vero,
1163 2063 1275 2105 hanc
1303 2064 1417 2106 omni
1444 2064 1646 2118 deinceps
1674 2056 1787 2107 tein-

343 2160 450 2215 pore
478 2148 764 2213 recordemur,
792 2149 978 2215 illusque
1008 2161 1239 2212 sermom,
1268 2162 1374 2215 quos
1403 2149 1592 2203 diversis
1618 2152 1789 2215 tempu..

346 2241 467 2276 ribus
498 2249 555 2276 ex
584 2240 771 2288 ejusdem
800 2240 889 2276 viri
916 2249 992 2276 ore
1021 2239 1301 2292 percepimus,
1319 2249 1576 2294 quorumque
1601 2239 1789 2281 audien--

350 2330 513 2381 dorum,
543 2331 674 2372 Plato
702 2332 776 2381 ait,
802 2335 934 2382 μέτρον
962 2331 1049 2375 ὅλος
1085 2332 1106 2370 ὃ
1134 2335 1217 2380 βίος
1252 2334 1340 2370 νοῦν
1375 2334 1531 2379 ἔχουσιν,
1568 2336 1780 2373 custodia-

347 2427 439 2459 mus
469 2427 520 2460 ac
548 2427 766 2469 curemus;
794 2414 1025 2461 amicitiam
1053 2418 1194 2461 autem
1220 2419 1412 2462 nostram
1431 2415 1623 2463 colendis
1653 2417 1777 2465 bonis

346 2485 514 2545 artibus
543 2506 980 2558 communicandisque
1010 2505 1208 2545 sensibus
1237 2517 1288 2545 ac
1316 2504 1647 2558 cogitationibus
1677 2519 1790 2567 ⁰⁰¹¹.ss

345 2594 558 2636 firmemus
585 2598 793 2648 perpetuo
823 2597 868 2635 et
896 2593 1174 2636 stabiliamus.
1230 2596 1352 2636 Vale.

445 2695 596 2757 Scripsi
622 2693 792 2745 'l'rajecti
819 2695 869 2736 ad
894 2695 965 2736 lun.
992 2706 1043 2736 m.
1069 2697 1179 2746 sept.
1204 2697 1573 2738 mcccxxxvm.
