1961 3338
663 276 988 324 ...55-

120 404 191 441 est·
213 399 259 440 in
286 396 398 440 omni
419 395 519 447 jure
548 393 681 446 civili,
709 398 757 436 ut
782 395 829 437 in
864 394 1113 438 Pontificum
1148 393 1276 435 libris
1304 397 1350 435 et
1376 394 1422 435 in
1451 394 1537 435 ΧΠ

117 469 277 513 tabulis
308 466 356 520 ¹),
384 464 654 519 antiquitatis
690 466 868 521 effigies,
905 465 1015 521 quod
1051 468 1096 507 et
1131 464 1359 507 verborum
1393 465 1539 519 prisca

114 543 310 582 vetustas
346 534 629 590 cognoscitur,
657 539 702 577 et
729 537 940 579 actionum
966 547 1129 591 genera
1166 534 1371 589 quaedam
1406 534 1538 589 majo·

115 624 209 652 rum
235 607 580 651 consuetudinem
607 608 819 664 vitamque
847 605 1106 651 declarant.“
1134 606 1422 660 Interpretari
1445 607 1536 661 qui-

116 679 211 720 dem
244 680 406 731 posses,
442 676 591 719 studia
629 676 741 720 Sex.
774 675 911 729 Aelii,
945 677 1058 732 juris
1093 677 1357 732 peritissimi,
1398 689 1531 731 quem,

114 747 283 791 summis
310 746 509 789 laudibus
537 748 798 790 celebratmn
825 761 853 790 a
879 748 1085 791 Cicerone
1115 748 1311 803 aliisque,
1343 745 1416 801 jus
1451 747 1534 789 Ae-

110 820 271 862 lianum
307 817 547 861 condidisse
586 823 763 873 constat,
799 823 843 862 et
880 820 1096 874 interpres
1132 805 1221 861 xn'
1252 818 1455 861 laudatur
1483 817 1535 871 2),

111 901 260 931 verum
304 889 359 929 ad
404 888 745 931 exhortationem
783 888 1025 942 juventutis
1077 889 1293 931 efficacius
1332 901 1436 931 sane
1479 889 1531 930 1..

109 960 286 1012 Aelium,
316 973 418 1003 suae
448 962 604 1004 aetatis
632 962 783 1016 virum,
812 961 995 1005 Crassus
1032 962 1344 1004 commendasse
1383 964 1428 1004 et
1456 973 1533 1004 ex-

109 1033 236 1086 empli
263 1033 358 1074 loco
389 1033 559 1075 videtur
585 1033 870 1088 proposuisse.

188 1103 260 1145 Ex
286 1102 355 1145 his
371 1104 573 1146 universe
590 1108 722 1159 patet,
741 1104 957 1147 scribendi
980 1116 1110 1160 opere
1135 1107 1356 1159 utrumque
1377 1105 1529 1147 Gram-

105 1174 302 1216 maticum
328 1187 415 1216 non
443 1175 715 1217 abstinuisse.
752 1175 840 1218 Sed
867 1175 1155 1216 luculentiora
1182 1174 1426 1216 testimonia
1453 1174 1530 1216 ha-

105 1245 261 1298 bemus,
290 1246 443 1301 quippe
471 1258 643 1300 operum
670 1246 820 1299 titulos
847 1246 1090 1297 nonnullos,
1119 1245 1172 1286 ab
1211 1245 1398 1299 antiquis
1436 1258 1528 1287 ser-

105 1320 242 1370 vatos,
271 1320 316 1359 et
350 1318 599 1373 fragmenta.
633 1330 690 1360 ex
726 1316 783 1359 iis
819 1316 1022 1360 desumta.
1079 1316 1264 1359 Primum
1300 1317 1437 1373 igitur
1473 1317 1526 1361 de

104 1387 220 1429 Aelii
247 1389 450 1443 reliquiis
479 1403 665 1444 agemus.
695 1391 955 1443 Fragmenta
983 1388 1074 1442 ejus
1101 1390 1327 1431 maximam
1361 1394 1530 1444 partem

105 1459 296 1502 incertae
325 1460 459 1503 sedis-
478 1464 587 1514 sunt,
626 1463 869 1514 tantumque
907 1459 1114 1502 affirmari
1149 1459 1265 1512 licet,
1304 1460 1526 1515 pertinere

106 1543 158 1572 ea
173 1531 227 1572 ad
249 1532 396 1573 varios
425 1531 693 1586 antiquitatis
720 1531 934 1572 Romanae
963 1531 1093 1572 locos.
1110 1532 1231 1572 Hanc
1250 1532 1360 1573 enim
1375 1532 1526 1574 Aelius

103 1602 263 1655 primus
291 1604 513 1658 explicare
542 1603 685 1645 literis
716 1615 948 1657 aggressus
977 1606 1054 1655 est,
1082 1606 1130 1643 ut
1157 1606 1308 1657 patere
1338 1603 1524 1645 vidimus

102 1686 160 1715 cx
186 1674 395 1717 Varronis
425 1675 537 1729 apud
572 1673 820 1717 Ciceronem
857 1673 1026 1715 verbis:
1075 1684 1188 1728 quae
1223 1677 1370 1715 autem
1396 1685 1522 1716 nemo

100 1745 245 1789 adhuc
272 1736 498 1798 docuerat,
526 1757 610 1789 nec
636 1749 748 1797 erat,
788 1744 901 1787 unde
936 1743 1129 1787 studiosi
1162 1746 1285 1786 scire
1321 1749 1521 1799 possent,

99 1828 169 1867 ea,
198 1819 405 1872 quantum
431 1818 572 1871 potui,
601 1813 708 1868 feci,
736 1818 785 1858 ut
812 1818 961 1857 essent
983 1818 1090 1857 nota
1110 1816 1304 1857 nostris:
1332 1827 1362 1857 a
1380 1813 1523 1859 Grae-

99 1890 169 1930 cis
196 1890 310 1930 enim
335 1890 429 1943 peti
456 1899 545 1929 non
571 1890 794 1942 poterant,
823 1897 879 1929 ac
903 1889 1008 1941 post
1032 1883 1089 1928 L.
1117 1883 1239 1928 Aelii
1273 1888 1418 1929 nostri
1447 1898 1521 1929 oc-

98 1970 252 2001 casum
279 1970 335 2000 ne
363 1970 392 1999 a
419 1955 602 2013 Latinis
638 1956 817 2012 quidem.
876 1956 1036 2007 Quibus
1069 1957 1302 2011 respondet
1345 1957 1517 2000 Cicero:

96 2027 214 2071 Sunt
241 2030 347 2079 ista,
380 2024 553 2070 Varro.-
580 2038 681 2069 nam
708 2037 793 2068 nos
820 2028 867 2068 in
902 2030 1059 2068 nostra
1086 2026 1195 2069 urbe
1228 2030 1515 2082 pereyrinan-

101 2104 170 2142 tes
199 2104 503 2154 errantesque,
538 2103 746 2154 tanquam
782 2098 995 2152 hospites,
1034 2101 1101 2141 tui
1136 2097 1241 2141 libri
1276 2102 1408 2153 quasi
1441 2099 1518 2141 do-

100 2183 214 2214 mum
249 2171 539 2222 deduxerunt,
576 2173 625 2212 ut
656 2180 890 2224 possemus
933 2167 1185 2223 aliquando,
1231 2172 1306 2224 qui
1350 2173 1394 2212 et
1442 2168 1517 2211 ubi

96 2255 308 2295 essemus,
345 2254 587 2298 aynoscere
616 2241 664 2295 3).
720 2241 1002 2296 Significabat
1029 2241 1164 2295 igitur
1199 2243 1340 2284 Varro
1379 2242 1519 2285 libros

145 2413 176 2463 1)
203 2411 406 2509 gonstiltifi
427 2410 668 2507 llocumgl’ssge
702 2409 945 2451 Eiehstadtii
990 2409 1092 2464 conj.
1143 2423 1207 2464 ap.
1258 2409 1383 2453 Orell.
1429 2409 1512 2452 Cic.

244 2479 310 2519 pp.
385 2498 395 2508 .
452 2498 462 2508 .
492 2480 531 2520 p.
645 2498 655 2508 .

131 2521 168 2575 ²>
196 2519 544 2630 sssscfiss'ffldfflf:
565 2521 954 2632 ἒέεῗέῗᾶἓηέῑῃζὲ·
974 2520 1057 2630 ἐξ·
1080 2518 1168 2618 ,Ρὶ
1195 2519 1331 2629 &iit
1360 2521 1513 2631 {ih-²³·

138 2631 168 2684 ³)
198 2630 326 2672 Acad.
354 2633 385 2672 1.
413 2631 453 2673 3.
491 2631 711 2687 Perperam
744 2632 848 2679 inde,
885 2632 1104 2685 corrigente
1144 2631 1268 2674 Orell.
1304 2632 1447 2674 Onom.
1475 2647 1513 2674 ν.

198 2684 347 2732 Aelius,
374 2685 575 2729 Ernestus
604 2688 657 2729 de
679 2687 947 2742 philosophia
973 2687 1134 2728 Aelium
1172 2689 1388 2742 scripsisse
1424 2686 1519 2729 effe-
