1961 3338
458 397 562 436 rum,
592 385 665 440 qui
693 389 794 439 ante
821 386 1018 438 fuissent,
1054 386 1264 427 nonnulla
1298 384 1472 440 integ-ra
1511 386 1710 441 exempla
1745 387 1881 433 conti-

456 456 555 499 neri
581 456 639 499 iis
668 458 919 513 suspicetur.
948 457 1068 509 Quod
1087 461 1237 508 ,autem
1266 469 1290 500 e
1319 457 1525 516 communi
1552 461 1748 505 veterum
1763 456 1877 502 Bhe-

452 532 593 572 torum
620 542 737 571 more
766 529 1056 582 contenderat,
1094 529 1207 571 idem
1241 541 1372 584 porro
1408 528 1632 588 permultis
1667 530 1878 584 exemplis

362 614 365 616 ·
448 600 677 644 illustrare
708 604 751 643 et
777 600 963 654 probare
993 603 1172 643 conatus
1200 604 1279 654 est,
1299 600 1364 643 ita
1392 600 1558 656 quidem
1585 604 1646 643 ut*
1659 598 1752 654 ejus
1779 614 1878 643 sen-

449 667 589 716 tentia
624 678 750 728 atque
788 672 947 714 indicio
983 672 1170 728 plurima
1204 672 1252 716 in
1302 671 1372 716 his
1411 660 1548 718 'libris
1592 672 1880 728 inveniantur,

459 758 568 800 quae
597 745 652 787 ad
680 744 919 799 superioris
947 745 1106 787 aetatis
1141 745 1385 803 memoriam
1421 757 1736 800 causarumque,
1772 756 1879 800 quae

453 821 575 859 actae
603 815 802 869 fuissent,
831 816 1119 872 cognitionem
1145 817 1394 873 pertineant
1425 816 1472 871 ¹).

528 888 653 929 Haud
690 889 840 942 exigui
880 901 985 929 sane
1022 888 1222 930 momenti
1257 891 1384 930 acuta
1417 886 1526 930 haec
1562 887 1651 931 viri
1687 886 1874 931 animad-

447 959 595 1001 versio
625 963 703 1013 est,
733 960 948 1015 dignaque
978 949 1086 1015 quae
1114 959 1417 1015 perpendatur.
1454 960 1622 1002 Vereor
1649 963 1801 1013 autem,
1828 962 1877 1001 ut

446 1032 555 1073 satis
591 1032 798 1086 probetur
834 1032 903 1085 iis,
942 1032 1014 1087 qui
1051 1032 1326 1085 attenderint,
1371 1031 1640 1086 paucissimis
1676 1031 1872 1087 exceptis

446 1103 589 1160 omnia
616 1105 828 1160 exempla,
858 1117 965 1160 quae
995 1105 1048 1147 ab
1078 1104 1159 1147 illo
1189 1104 1245 1147 ad
1272 1108 1416 1147 certas
1444 1116 1607 1155 causas,
1636 1116 1742 1158 quas
1768 1103 1874 1145 inci-

442 1176 558 1218 disse
607 1179 786 1229 constat,
823 1169 1083 1229 referuntur,
1121 1189 1144 1219 e
1181 1176 1295 1218 libro
1333 1175 1388 1218 ad
1423 1175 1685 1218 Herennium
1719 1178 1873 1230 quarto

443 1246 547 1300 peti.
603 1245 774 1287 Etenim
809 1247 943 1300 longa
982 1245 1282 1301 disputatione,
1322 1258 1445 1301 quam
1485 1244 1585 1287 huic
1621 1245 1736 1287 libro
1772 1256 1872 1300 pro-

440 1317 567 1359 oemii
594 1318 690 1359 loco
728 1321 877 1360 auctor
911 1317 1145 1373 praemisit,
1182 1330 1361 1373 prorsus
1406 1317 1626 1359 contraria
1669 1316 1871 1359 videntur

438 1388 697 1443 significari3
726 1389 880 1444 quippe
909 1389 955 1431 in
985 1401 1035 1430 eo
1065 1392 1268 1430 versatur
1286 1405 1288 1407 ·
1305 1392 1432 1441 totus,
1469 1392 1517 1430 ut
1551 1388 1745 1431 rationes
1783 1388 1872 1429 col-

436 1461 562 1515 ligat,
591 1460 743 1516 quibus
779 1460 1040 1515 persuadeat
1076 1459 1307 1513 Herennio,
1343 1460 1520 1502 multum
1557 1464 1794 1515 praestare,
1822 1463 1871 1501 ut

440 1532 550 1574 artis
579 1532 766 1587 scriptor
794 1532 984 1587 propriis
1014 1531 1237 1586 exemplis,
1275 1544 1397 1587 quam
1433 1536 1481 1573 ut
1518 1531 1674 1574 alienis
1710 1535 1868 1573 utatur.

433 1606 530 1646 Non
588 1604 743 1646 inutile
784 1605 932 1657 solum,
980 1603 1056 1645 sed
1095 1603 1380 1658 perniciosum
1425 1603 1553 1645 etiam
1606 1616 1702 1645 esse
1750 1603 1867 1645 exis-

430 1676 555 1719 timat
601 1676 836 1733 discipulis,
882 1675 922 1719 si
957 1675 1208 1731 magistrum
1244 1675 1297 1719 ab
1335 1676 1527 1720 omnibus
1578 1677 1730 1731 poetis,
1776 1675 1864 1719 his-

431 1749 596 1801 toricis,
628 1749 873 1790 oratoribus
912 1749 1110 1802 exempla
1156 1748 1334 1790 videant
1373 1748 1604 1809 eligentem
1621 1779 1622 1783 ,
1641 1752 1687 1790 et
1723 1759 1863 1790 cumu-

428 1820 603 1874 lantem,
632 1833 766 1876 eaque
794 1819 891 1875 ipsa
917 1832 967 1862 re
997 1819 1239 1874 desperent,
1277 1832 1325 1862 se
1364 1820 1567 1876 consequi
1601 1833 1729 1875 posse
1769 1833 1862 1863 eam

426 1893 689 1945 facultatem,
719 1904 842 1947 quam
868 1904 923 1932 ne
953 1891 1114 1945 singuli
1143 1891 1309 1944 quidem
1336 1891 1628 1945 probatissimi
1656 1895 1855 1935 auctores

427 1963 648 2006 consecuti
698 1962 940 2005 videantur.
1005 1963 1150 2017 Neque
1210 1963 1362 2004 contra
1405 1963 1607 2017 probavit
1648 1964 1859 2007 rationem

425 2036 560 2089 illam,
590 2049 675 2089 qua
707 2036 760 2077 ab
790 2047 874 2076 uno
904 2037 1079 2076 auctore
1109 2033 1251 2075 omnia
1279 2035 1478 2088 exempla
1505 2035 1612 2076 sumi
1641 2031 1852 2089 placeret,

425 2108 578 2164 quippe
609 2119 717 2162 quae
747 2107 880 2160 vulgo
907 2105 1045 2148 minus
1076 2105 1388 2148 accommodata
1414 2105 1588 2160 proprio
1619 2106 1728 2148 artis
1755 2119 1853 2160 pro-

422 2180 565 2234 posito
595 2181 753 2220 essent.
811 2177 1043 2220 Contendit
1079 2176 1226 2231 igitur,
1269 2176 1380 2232 quod
1417 2176 1470 2219 ab
1501 2176 1611 2219 artis
1640 2177 1850 2232 scriptore

421 2252 662 2306 exemplum
691 2251 908 2303 afferatur,
937 2249 990 2291 de
1020 2248 1207 2303 ejusdem
1235 2249 1418 2290 artificio
1456 2249 1615 2292 debere
1653 2262 1761 2303 esse,
1799 2263 1850 2292 ac

420 2324 602 2366 ridicule
640 2323 786 2365 facere
825 2322 1017 2365 Graecos
1052 2321 1293 2377 mag1stroS,
1343 2334 1466 2377 quum
1512 2321 1569 2373 id,
1608 2322 1717 2377 quod
1756 2324 1849 2378 pol-

420 2396 649 2448 liceantur,
690 2396 744 2438 ab
782 2394 883 2437 aliis
922 2398 1142 2449 quaerant,
1181 2406 1399 2448 quumque,
1435 2406 1521 2435 non
1557 2394 1681 2435 modo
1718 2394 1848 2436 domi-

425 2481 505 2511 nos
543 2480 590 2511 se
627 2467 819 2520 fontium,
856 2467 933 2509 sed
972 2479 1019 2509 se
1056 2466 1173 2521 ipsos
1209 2466 1351 2508 fontes
1390 2478 1487 2508 esse
1510 2464 1739 2520 Jactantes,
1775 2467 1847 2524 qui

421 2540 624 2585 omnium*
644 2539 794 2593 rigare
832 2538 1017 2580 debeant
1053 2537 1243 2592 ingenia,
1279 2540 1479 2579 arescant
1516 2536 1600 2593 ipsi
1640 2537 1847 2582 siccitate.

417 2609 523 2655 Non
551 2604 812 2663 istomodo,
847 2610 998 2667 inquit,
1037 2607 1214 2653 Chares
1251 2621 1280 2652 a
1315 2606 1521 2666 Lysippo
1556 2613 1735 2654 statuas
1772 2608 1842 2664 fa-

456 2715 490 2771 ι)
520 2713 594 2757 eff.
622 2712 806 2770 Pr010gg.
834 2713 859 2755 1.
888 2726 926 2769 p.
954 2711 1022 2756 4ο.
1052 2712 1118 2755 44.
1149 2713 1216 2755 45.
1245 2711 1311 2756 68.
1338 2711 1407 2755 73.
1437 2711 1502 2755 74.
1532 2688 1597 2755 θσ.
