1961 3338
574 237 899 287 -91-

34 361 275 409 Stoicorum
299 345 623 404 commentarius
651 358 824 414 ejusde
857 352 1111 414 proloquiis
1147 357 1318 400 videtur
1352 370 1451 412 pro-

36 430 186 490 fectas,
214 435 281 477 de
295 444 377 488 quo
396 422 538 486 'supra
562 431 745 474 vidimus
778 429 827 486 ¹).

118 510 381 551 Postremum
408 507 699 557 argumentum
727 515 934 546 sumemus
962 502 1017 546 ab
1046 501 1268 556 exemplis,
1304 501 1453 555 quibus

37 592 139 621 usus
167 565 433 625 cstauctors
452 575 541 619 Sed
568 588 691 631 quum
720 575 767 618 in
794 574 1145 630 disceptationem
1180 572 1373 629 quaestio
1402 573 1455 615 de

40 641 330 705 exemplorum
355 646 524 689 ratione
553 647 703 690 vocari
729 647 877 702 possit,
905 658 1062 702 operae
1088 645 1272 701 pretium
1299 644 1459 687 facturi

45 735 200 775 sumus,
223 719 262 763 si
279 720 403 762 ante*
419 720 622 776 quaedam
648 719 729 763 hac
756 720 809 763 de
835 733 887 762 re
904 719 1199 762 monuerimus.
1228 718 1303 762 Sic
1325 717 1461 773 igitur

34 794 293 850 judicantem
329 792 469 847 video,
483 785 485 787 ¹
498 794 570 849 qui
596 794 823 848 praeclare
852 793 905 835 de
935 792 1207 849 eloquentiae
1243 792 1460 834 Romanae

39 857 223 908 historia
241 855 450 918 exposuit,
470 865 733 922 Ellendtium
745 864 796 917 ²).
824 865 1048 907 Notabiles
1077 863 1346 918 eloquentiae
1373 875 1461 904 ma-

39 930 201 992 gistros
239 948 327 979 non
355 928 467 979 sicut
493 937 694 979 metricos
726 933 915 992 artifices
947 937 1145 989 exempla
1180 948 1256 977 sua
1286 935 1369 977 sibi
1396 934 1462 989 ip-'

41 1015 115 1049 sos
141 1001 319 1061 fingere,
348 1008 427 1050 sed-
449 1014 511 1049 'ex
537 1008 657 1049 veris
687 1007 828 1048 causis
855 1006 1090 1047 desumere.
1118 1006 1193 1048 Sic
1213 1006 1462 1051 Ciceronem

44 1079 91 1121 in
108 1073 291 1121 oratore
320 1082 366 1121 et
387 1079 507 1122 ‘libro
534 1079 587 1121 de
611 1079 796 1121 Oratore
823 1077 1031 1128 secundo;
1050 1077 1124 1120 >sic
1145 1077 1463 1130 Quintilianum,

41 1149 282 1204 ubicunque
328 1162 434 1204 opus
480 1143 553 1202 sit,-
593 1149 788 1204 inprimis
832 1140 960 1191 libris
995 1161 1108 1190 nono
1147 1152 1191 1190 et
1227 1149 1466 1199 undecimo;

48 1221 112 1264 sic
139 1221 332 1265 Senecae
362 1220 565 1264 Rhetoris
592 1225 727 1263 totum
763 1233 868 1276 opus
907 1220 955 1263 in
990 1219 1059 1263 his
1096 1220 1305 1275 exemplis
1342 1220 1467 1262 colli-

47 1293 201 1346 gendis
231 1296 451 1344 constare3
479 1296 527 1334 ut
553 1292 781 1345 rhetorem,
810 1293 883 1347 qui
911 1293 966 1334 ad
992 1293 1253 1334 Herennium
1281 1293 1468 1346 scripsit,

47 1377 74 1406 a
100 1376 216 1405 more
244 1363 450 1406 communi
477 1363 713 1406 descivisse
752 1367 959 1418 oporteat,
997 1364 1037 1406 si
1073 1363 1129 1406 ad
1165 1356 1293 1405 unum
1328 1363 1470 1406 omnia

48 1436 249 1488 exempla
275 1435 329 1476 ab
350 1435 486 1488 ipsius
514 1434 687 1488 ingenio
715 1435 909 1489 profecta
936 1435 1135 1476 dicamus».
1163 1436 1268 1477 Nam
1297 1435 1467 1477 infimae

49 1507 186 1548 solum
206 1506 361 1547 aetatis
380 1506 651 1560 τεχνογράφους
668 1496 729 1548 sic
743 1496 889 1549 facere
908 1510 955 1548 ut
970 1506 1213 1560 Emporium
1235 1505 1467 1548 Rhetorem

48 1577 160 1632 apud
188 1577 454 1632 Capperoun.
480 1591 520 1632 p.
547 1581 643 1620 3023.
673 1582 717 1620 et
745 1578 879 1620 Prisc.
908 1579 1061 1632 Praep.
1089 1577 1174 1619 Rh.
1202 1592 1242 1632 p.
1270 1580 1366 1631 359,
1393 1591 1470 1620 ve-

49 1649 255 1690 tustiores
285 1653 425 1691 autem
454 1653 508 1691 ‘et
542 1649 793 1703 nobiliores,
835 1653 883 1691 ut
915 1650 1122 1692 Rutilium
1157 1650 1332 1704 Lupum,
1366 1663 1472 1692 non-

48 1721 136 1763 nisi
164 1733 256 1762 cum
285 1721 395 1776 apud
433 1722 624 1775 potiores
666 1726 863 1766 auctores
901 1722 1010 1764 satis
1039 1725 1147 1783 *apta
1180 1736 1269 1764 non
1302 1722 1472 1764 inveni-

50 1796 163 1835 rent.
191 1794 320 1835 Putat
346 1793 483 1849 igitur
511 1797 671 1847 auctor,
698 1794 836 1837 libros
865 1793 921 1836 ad
949 1794 1209 1837 Herennium
1239 1794 1388 1836 talium
1413 1810 1475 1846 μι-

50 1864 195 1917 μήσεων
221 1865 409 1906 refertos
449 1878 565 1917 esse;
593 1866 676 1907 imo
705 1878 811 1908 vero
840 1878 891 1907 eo
924 1866 1212 1921 progreditur,
1247 1870 1296 1907 ut
1333 1870 1476 1908 orato-

101 2044 115 2068 ,
489 2044 499 2054 .
543 2044 553 2054 .
573 2044 583 2055 .
1457 2046 1467 2057 .

116 2046 134 2097 >
164 2042 648 2152 {3232242535332253
672 2043 1288 2153 fflfflssssstsssszgnaihss
1313 2044 1481 2154 aa

166 2154 430 2194 tractandam
458 2153 707 2194 vehementer
729 2157 942 2207 pertinere
970 2157 1239 2208 coynitionem
1276 2156 1483 2210 amphibo-

172 2207 318 2249 liamm
346 2222 447 2256 eam,
475 2223 579 2264 quae
607 2223 635 2250 a
662 2209 893 2251 dialecticis
915 2212 1141 2265 proferwr.
1174 2212 1265 2253 Nos
1292 2225 1387 2253 vero
1415 2226 1480 2252 ar·

173 2262 386 2312 binarum,
421 2279 505 2305 non
541 2266 662 2306 modo
701 2265 815 2307 nullo
845 2266 1079 2323 adjumento
1119 2281 1217 2315 esse,
1245 2268 1322 2309 sed
1339 2269 1483 2321 potius

170 2322 350 2360 maximo
397 2321 695 2374 impedimento.
724 2346 780 2352 —-
816 2322 963 2364 Veram
1003 2322 1147 2364 luorum
1175 2323 1358 2378 pueriles
1396 2324 1482 2377 opi·

170 2374 310 2415 niones
338 2378 571 2417 rectissimis
598 2376 838 2424 rationibus,
864 2391 989 2433 quum
1015 2378 1136 2426 voles,
1164 2378 1406 2432 refellemus.
1435 2378 1487 2419 In

169 2433 539 2484 praesentientem
573 2432 653 2473 hoc
694 2434 938 2474 interdicere
976 2448 1058 2474 non
1097 2434 1272 2475 alienum
1301 2436 1397 2488 ficit,
1439 2439 1487 2475 ut

172 2483 292 2538 kiy‘us
319 2486 517 2538 infantiae
542 2489 756 2541 yarrulam
782 2488 1043 2542 disciplinam
1067 2495 1484 2536 contemneremus.—

174 2536 346 2579 videtur
384 2546 522 2584 auctor
565 2542 671 2584 hunc
712 2543 1041 2598 amphiboliarum
1089 2558 1206 2587 usum
1254 2545 1475 2587 dialecticis

175 2593 479 2647 frequentatum,
507 2599 697 2652 singulari
726 2600 875 2652 scripto
903 2600 1081 2642 voluisse
1109 2601 1349 2655 impugnare.

116 2649 152 2702 2)
181 2647 366 2709 Prolegg.
394 2651 446 2693 ad
474 2652 555 2695 Cic.
584 2652 698 2719 Brut.-
725 2669 764 2709 p.
792 2654 857 2697 40.
886 2655 951 2696 41.
