1961 3338
892 260 1254 317 -102...

369 381 479 424 artis
508 383 736 437 angustiae
765 382 997 439 patiuntur,
1024 383 1072 441 in
1100 383 1310 426 Cicerone
1344 394 1498 438 magua
1519 380 1676 426 'reram
1709 380 1786 425 ὴὲ-

360 454 510 508 rietas‚
529 459 669 500 comta
692 460 737 500 et
764 455 937 512 copiosa
953 457 1106 510 oratio,
1122 456 1169 499 in
1191 453 1466 499 Herenniano
1482 467 1591 498 vero
1610 448 1784 497 doctore

357 527 563 571 inornata
599 532 643 571 et
678 528 856 570 subinde
894 528 1102 583 languida
1129 528 1273 582 dictio,
1301 528 1568 571 diversorum
1602 527 1782 569 fontium

357 600 553 655 penuria,
583 600 844 644 scholastica
870 592 1022 643 rerum
1042 601 1338 656 pertractatio.
1376 600 1596 645 Ciceronis
1623 598 1787 660 majora

353 673 535 726 petituri
573 686 623 714 ac
656 672 745 725 jam
782 672 955 732 scholae
992 674 1182 715 mbram
1229 674 1438 728 fugientis
1476 672 1667 728 vestigia
1701 669 1780 715 eia

355 747 496 786 stant:
524 744 825 787 Herennianus
854 758 962 788 vero
993 746 1190 789 assiduus
1219 759 1271 788 ac
1306 746 1575 802 perdiligens
1613 744 1785 788 dicendi

358 819 615 870 praeceptor
644 817 931 871 cognoscitur.
990 817 1143 860 Cicero
1180 817 1363 873 denique
1400 818 1475 860 dat
1510 829 1694 874 operam,
1717 820 1786 859 'ut

362 890 500 928 artem
536 887 744 941 illustret,
780 890 970 930 occultet
1006 885 1245 942 artificium,
1284 889 1626 945 praeceptionem
1670 901 1788 931 suam

354 961 408 1002 ab
438 960 710 1014 eloquentiae
741 961 1107 1004 commendatione
1144 959 1317 1016 ejusque
1354 965 1536 1004 naturae
1570 956 1787 1017 pervestiss·

355 1033 531 1087 gatione
561 1032 741 1086 orditur,
760 1034 979 1089 ipsamque
997 1033 1254 1075 rhetoricam
1278 1036 1413 1076 artem
1434 1033 1580 1075 civilis
1601 1032 1785 1076 rationis

352 1108 520 1159 partem
556 1103 707 1156 habet3
747 1105 1048 1147 Herennianus
1088 1116 1207 1156 vero,
1252 1104 1336 1146 etsi
1372 1103 1567 1156 affirmet,
1605 1115 1784 1158 parvam

355 1181 523 1231 partem
551 1177 670 1219 vitae
698 1177 1039 1232 perfectissimae
1069 1176 1320 1230 desiderari,
1343 1176 1381 1218 si
1409 1175 1506 1232 ¹quis
1533 1176 1579 1219 in
1595 1175 1786 1229 dicendo,

360 1261 442 1302 quo
472 1248 595 1301 velit,
632 1261 717 1289 non
754 1248 996 1304 perveniat,
1034 1252 1177 1290 tamen
1213 1247 1260 1289 in
1298 1251 1392 1290 arte
1434 1246 1686 1301 exponenda
1723 1245 1787 1288 sic

354 1324 570 1373 versatur,
599 1323 647 1361 ut
675 1321 853 1368 artificii
879 1320 1152 1375 praecipuam
1178 1321 1388 1362 rationem
1416 1319 1575 1363 habeat
1605 1318 1653 1373 ¹).

442 1392 514 1434 Ex
548 1390 630 1434 hac
671 1392 933 1434 discriminis
970 1393 1191 1434 notatione
1232 1393 1277 1434 in
1314 1405 1405 1434 eam
1445 1392 1683 1447 opinionem
1720 1392 1785 1433 in-
1840 1409 1844 1414 Χ

364 1463 515 1504 ductus
545 1475 648 1515 sum,
676 1467 723 1504 ut
745 1463 1005 1515 existimem,
1034 1463 1282 1505 Ciceronem
1311 1451 1530 1518 postquam
1567 1462 1673 1504 satis
1701 1461 1785 1514 diu,

359 1534 465 1576 duce
501 1533 639 1585 Aelio,
686 1534 891 1575 oratoriis
944 1531 1327 1589 exercitationibus
1375 1546 1545 1589 operam
1582 1533 1783 1586 dedisset,

364 1608 410 1646 et
436 1605 782 1660 praeceptionem
801 1604 1073 1658 rhetoricam,
1089 1604 1310 1659 discipulis
1339 1605 1393 1647 ab
1421 1603 1544 1646 Aelio
1574 1604 1786 1658 dictatam,

361 1676 519 1717 sensim
548 1680 851 1731 comparasset,
879 1676 1046 1718 Moloni
1074 1675 1238 1717 Rhodio
1268 1675 1450 1730 aliisque
1486 1675 1708 1729 magistris
1736 1687 1784 1717 se

364 1747 637 1803 applicuisse,
664 1752 713 1789 ut
739 1748 980 1790 uberiorem
999 1747 1153 1790 artium
1172 1747 1450 1802 ingenuarum
1471 1746 1786 1803 philosophiae-

361 1832 443 1874 que
473 1819 759 1874 cognitionem
786 1819 1041 1873 perciperet.
1070 1820 1120 1860 ln
1140 1818 1290 1874 quibus
1309 1818 1460 1860 studiis
1487 1830 1609 1874 quum
1635 1822 1784 1861 noctes

358 1896 487 1948 atque
517 1891 610 1933 dies
639 1895 755 1932 totus
784 1895 1048 1954 versaretur,
1075 1892 1232 1932 factum
1261 1903 1356 1933 esse
1393 1895 1440 1932 ut
1468 1891 1666 1941 Quintum
1692 1892 1783 1933 fra?

360 1968 484 2016 trem,
513 1975 648 2019 quem,
678 1966 918 2007 ceterarum
947 1962 1100 2004 artium
1131 1963 1460 2004 excolendarum
1489 1964 1658 2016 socium,
1678 1963 1785 2008 alie-

358 2036 523 2078 niorem
569 2047 597 2077 a
643 2033 814 2077 dicendi
860 2039 956 2077 arte
1006 2035 1199 2088 vidisset,
1239 2034 1537 2078 adhortatione
1575 2048 1654 2078 sua
1696 2036 1784 2078 elo-

1416 2160 1417 2163 =
1483 2142 1537 2173 „j

401 2248 431 2299 ι)
459 2246 631 2341 Diesesb
639 2244 882 2341 werkssssd
917 2243 1115 2339 fimena.)
1155 2243 1322 2339 isznedas
1343 2239 1510 2311 *eiuffiye
1545 2245 1784 2313 lilonument

460 2302 799 2414 ῗέιῖωἰᾶῗῖαειι
832 2303 1647 2410 JZZQJZzSZ’Zefflssmrzimiffm't‘nffiss
1666 2302 1783 2400 η’ἔῗιῖ

464 2413 668 2467 dffirftiyer
695 2412 917 2455 Kenutniss
945 2411 1020 2453 der
1060 2409 1215 2452 litteren
1252 2411 1517 2454 lateinischen
1555 2414 1780 2461 Lim-atur,

465 2484 542 2510 aus
577 2470 724 2510 dessen
764 2468 881 2510 Geist
913 2469 981 2508 die
1017 2467 1322 2520 Meisterscltafi
1366 2464 1440 2509 des
1475 2470 1784 2522 voryeyebenen

462 2525 556 2566 Ant.
587 2524 753 2577 Gnipho
781 2523 894 2564 nicht
919 2522 1251 2565 hervorleuclztet.
1307 2522 1546 2577 Bernhardy
1575 2524 1655 2580 Op.
1688 2525 1712 2566 1.
1744 2539 1783 2579 p.

467 2580 533 2622 23.
562 2580 806 2621 Historicum
834 2594 933 2620 sane
962 2579 1133 2633 pretium
1161 2580 1320 2620 minime
1358 2577 1450 2619 huic
1488 2581 1602 2633 operi
1639 2594 1782 2634 negan-

468 2637 563 2676 dum
591 2640 668 2682 est,
696 2636 888 2688 locosque
918 2635 1013 2675 item
1050 2647 1100 2673 ex
1140 2647 1189 2674 eo
1225 2633 1333 2676 haud
1373 2634 1569 2677 immerito
1604 2634 1785 2678 laudavit

467 2691 753 2734 Westermann
783 2689 859 2745 Op.
892 2690 918 2730 1.
947 2691 980 2744 ᾖ.
1011 2689 1076 2730 56.
1105 2702 1144 2742 p.
1176 2689 1266 2730 134.
