1961 3338
1033 173 1046 200 Ι

96 325 246 371 crassi
270 324 500 379 .mgistro,
536 328 732 368 ornatum
766 327 929 381 putent,
969 323 1179 383 suspicati
1214 333 1240 365 e
1289 322 1515 367 ciceronis

97 398 291 443 oratore
322 396 370 450 ¹),
398 396 471 439 ubi
488 397 741 452 corrigunt:
768 398 852 452 „Et
878 387 952 440 hic
984 396 1158 452 ⁴quidem
1189 393 1405 449 (Coelius)
1443 394 1517 450 qui

95 469 208 513 hanc
223 481 252 511 a
269 466 326 511 L.
341 464 473 510 Aelio
502 467 579 522 (ad
606 482 728 524 quem
755 468 963 524 scripsit),
989 467 1059 510 cui
1077 481 1125 509 se
1151 470 1321 522 purgat,
1346 467 1517 509 veniam

97 543 232 585 utitur
269 546 324 582 ea
357 538 612 594 traiectione
648 543 887 595 verborum,
925 545 970 584 et
1003 540 1142 584 nihilo
1194 544 1338 584 tamen
1376 538 1518 593 aptius

97 613 258 666 explet,
287 612 582 667 concluditque
610 612 886 656 sententias.“
939 614 1029 656 Nec
1057 625 1161 656 sane
1190 611 1418 667 quidquam
1444 610 1519 653 ob-

96 687 215 726 stare
243 683 383 735 video,
413 684 632 739 quominus
658 685 771 728 idem
804 685 931 729 nobis
969 686 1153 740 placeat.
1208 682 1521 738 Significantur

97 759 240 802 autem
273 768 301 798 a
341 754 548 800 Cicerone
589 755 731 801 Coelii
765 752 960 801 Annales
1004 757 1101 800 sive
1144 755 1368 799 Historiae
1403 754 1522 797 Belli

97 826 261 870 Punici.

178 931 347 974 Dicitur
373 937 514 976 autem
540 932 701 997 Aelius
717 932 896 975 ¹favisse
925 931 1210 986 optimatibus,
1238 935 1283 973 et
1318 930 1406 974 tam
1433 935 1522 974 stu-

52 1039 57 1044 .
98 1003 217 1046 diosc
246 1016 394 1052 eorum
420 1004 616 1060 partibus
647 986 910 1056 adhaesisse,
937 1006 986 1045 ut
1010 1001 1236 1045 Metellum
1261 1001 1522 1045 Numidicum

97 1075 146 1118 in
174 1075 376 1118 exsilium
404 1076 680 1119 comitaretur
701 1073 753 1129 ²).
782 1075 902 1127 Quod
930 1070 1118 1138 quidem4
1125 1085 1184 1117 ex
1209 1074 1292 1117 illa
1317 1073 1525 1116 historiae

97 1148 314 1211 Romanae
345 1151 489 1191 aetate
523 1152 568 1190 et
595 1148 773 1191 Metelli
799 1136 931 1191 rebus
958 1147 1172 1202 explicari
1199 1149 1379 1202 oportet.
1406 1147 1528 1189 Post-

99 1232 222 1275 quam
269 1219 380 1262 enim
428 1218 615 1263 Gracchi
657 1219 828 1275 legibus
887 1219 1167 1275 'populafibus
1211 1219 1317 1260 latis
1361 1230 1528 1273 rempu-

99 1291 255 1333 blicam
296 1292 615 1346 perturbarunt,
650 1304 792 1333 novae
826 1293 1144 1347 perpetuaeque
1188 1290 1426 1333 seditiones
1460 1303 1529 1331 se-

98 1365 222 1404 cutae
258 1365 369 1416 sunt,
397 1362 549 1418 quibus
577 1362 697 1404 salus
719 1361 905 1418 publica
938 1361 1282 1424 periclitabatur.
1337 1362 1389 1403 la.
1416 1360 1530 1415 Apu-

99 1432 212 1487 lejus
238 1433 512 1485 Saturninus,
538 1434 811 1476 turbulentus
838 1432 975 1486 homo,
1013 1433 1154 1475 fretus
1192 1433 1240 1475 C.
1268 1433 1403 1475 Marii
1431 1446 1529 1475 auc-

100 1505 291 1557 toritate,
329 1505 591 1565 tribmatum
619 1504 760 1568 plebis
789 1504 873 1547 sibi
901 1502 1151 1566 vindicavit.
1196 1504 1383 1560 Uterque
1410 1504 1532 1548 nobi-

82 1571 220 1642 ⁴litati
251 1569 581 1629 immicissmus,
610 1572 804 1631 omnique
832 1575 1146 1618 machinatione
1175 1576 1263 1617 vim
1291 1575 1383 1629 ejus
1411 1577 1530 1618 fran-

101 1658 231 1701 gere
241 1650 287 1689 et
313 1647 569 1697 subvertere
598 1642 786 1707 studens,
813 1647 1019 1690 communi
1045 1646 1144 1690 odio
1178 1641 1406 1689 Metellum
1431 1659 1531 1701 per-

105 1718 375 1775 sequebatur.
401 1719 454 1761 ln
479 1717 699 1771 Numidico
726 1719 845 1761 bello
871 1717 1000 1785 hujus
1026 1720 1200 1774 legatus
1235 1719 1404 1760 Marius
1428 1720 1531 1761 'fue-

105 1792 189 1843 rat,
218 1788 297 1832 sed
337 1788 585 1833 ambitiosus
623 1787 746 1833 homo
782 1790 901 1832 solus
940 1801 1013 1833 res
1050 1801 1207 1846 gerere
1242 1791 1450 1833 maximas
1488 1795 1533 1833 et

108 1862 319 1904 conficere
346 1862 510 1905 bellum
536 1853 724 1918 optabat.
764 1863 1036 1924 Quapropter
1062 1863 1231 1906 invidia
1265 1861 1428 1917 ductuS,
1467 1864 1533 1907 in-

154 2065 184 2117 ¹)
213 2061 360 2160 Ξάέῗ
373 2061 721 2171 LCffngssgxlso.
724 2062 915 2158 deNauba
950 2061 1182 2159 effug-hbet?
1201 2062 1535 2162 νξιυῗιῖἱιῗέίορεί

218 2173 378 2229 Dispp.
417 2173 471 2214 de
497 2172 546 2213 L.
577 2171 715 2214 Coelio
751 2171 843 2213 Ant.
886 2173 991 2213 Anu.
1018 2171 1070 2213 L.
1093 2172 1142 2213 Β.
1174 2174 1400 2217 1820-21.
1428 2189 1468 2230 p.
1496 2176 1536 2216 8.

219 2233 317 2283 etp
320 2229 425 2272 ..28
452 2227 559 2269 Huic
584 2227 827 2282 probabilior
850 2227 1006 2269 videtur
1030 2228 1209 2283 vulgaris
1226 2229 1348 2271 lectio
1375 2244 1403 2271 a
1430 2231 1535 2273 Lae-

223 2284 292 2331 lio,
289 2243 429 2338 Pquod
458 2283 585 2324 altera
611 2283 806 2324 destituta
834 2287 898 2323 est
919 2282 1032 2323 codd.
1047 2285 1298 2328 auctoritate.
1326 2285 1412 2326 Sed
1440 2301 1534 2340 quo-

218 2340 326 2380 niam
363 2339 460 2381 Ant.
497 2338 670 2393 August.
712 2341 755 2379 et
791 2329 891 2379 Aus.
926 2337 1081 2392 Popma
1115 2339 1154 2379 in
1182 2338 1380 2394 Fragmm.
1408 2341 1531 2382 Histt.

220 2393 326 2434 hanc
353 2397 528 2441 tuentur,
555 2393 654 2435 nihil
690 2397 826 2435 autem
862 2393 922 2434 de
950 2394 1182 2448 conjectura
1216 2394 1443 2457 loquuntur,
1478 2398 1533 2438 fa-

220 2448 297 2489 cile
325 2450 591 2503 suspicamur,
618 2448 780 2490 codices
808 2450 858 2490 iis
886 2448 1027 2496 fuisse,
1054 2450 1094 2490 in
1131 2451 1278 2504 quibus
1318 2465 1369 2493 ea
1404 2457 1533 2494 exsta-

221 2506 295 2544 ret.
323 2502 418 2544 Vid.
447 2504 618 2546 Krause.
657 2504 750 2546 Vitt.
782 2509 824 2546 et
848 2505 917 2545 Fr.
945 2503 1052 2545 laistt.
1081 2505 1200 2547 Rom.
1242 2519 1282 2560 p.
1322 2507 1413 2549 182.
1450 2508 1531 2549 lau-

219 2557 340 2599 datus
368 2558 490 2602 Orell.
520 2559 664 2603 Onom.
691 2574 732 2602 v.
761 2559 922 2603 Coelius
949 2559 1090 2615 Antip.

159 2624 193 2676 2)
208 2619 387 2665 Suet-l.
417 2623 443 2665 1.
