1961 3338
8 2690 249 2747 s‘„

845 268 1175 317 ...50-

297 395 398 427 suos
426 383 480 427 de
508 384 765 441 antiquitate
794 385 995 438 Romana,
1024 389 1070 428 et
1097 385 1438 443 conquerebatur
1464 385 1580 430 Aelii
1605 396 1717 429 mor-

299 459 398 508 tem,
446 468 530 510 qua
563 456 765 498 inchoata
800 456 882 497 illa
917 454 1061 498 studia
1098 460 1145 497 et
1182 457 1237 501 ab
1278 471 1330 501 eo
1366 460 1538 501 auctore
1574 456 1718 504 literis
1768 457 1775 463 '

293 527 491 572 mandari
518 532 680 584 coepta,
709 526 969 582 aliquamdiu
995 527 1171 572 deserta
1191 521 1443 584 jacuissent,
1462 529 1597 574 donec
1623 527 1717 584 ipse

292 606 347 643 ea
372 602 505 644 latius
534 600 735 655 persequi
762 599 1032 641 instituisset.
1060 598 1150 643 Sed
1178 601 1348 645 dubium
1385 602 1527 645 videri
1557 604 1717 655 potest,

291 686 395 717 num⁴
437 673 518 716 hoc
559 664 659 727 ”ipso
707 671 834 715 titulo
885 673 1195 728 antiquitatum
1247 674 1385 718 libros
1438 672 1719 731 insigniverit
1794 717 1798 719 ,

293 744 456 786 Aelius.
512 743 622 786 Mihi
659 743 827 797 quidem
862 744 994 784 totius
1041 745 1128 786 loci
1164 746 1277 787 ratio
1323 748 1565 801 persuadet,
1604 747 1719 789 viam

287 816 529 871 praeivisse
569 828 662 876 eum
703 815 874 868 ceteris,
912 816 985 871 qui
1013 817 1150 859 secuti
1179 821 1291 871 sunt,
1326 819 1598 875 antiquitatis
1634 821 1719 863 Ro-

288 897 440 927 manae
468 886 874 941 investigatoribus3
903 891 1122 930 versatum
1149 887 1305 930 iccirco
1331 889 1593 944 potissimum
1620 903 1716 933 esse

292 959 340 1002 in
374 958 650 1001 recludendis
689 959 811 1001 illius
857 960 988 1002 studii
1025 960 1226 1013 fontibuS,
1259 967 1572 1015 perscrutatum
1609 964 1719 1006 anti-

291 1030 498 1085 quissima
534 1031 699 1072 veteris
735 1032 835 1073 aevi
869 1035 1147 1085 monumenta,
1184 1044 1319 1087 eaque
1355 1034 1628 1087 grammatice
1670 1038 1716 1077 et

291 1102 443 1143 critice
480 1103 766 1156 interpretari
805 1107 1010 1156 conatum,
1047 1090 1104 1144 ut·
1129 1104 1270 1146 aditus
1308 1104 1362 1146 ad
1395 1116 1540 1146 rerum
1574 1105 1719 1159 cogni-

289 1173 464 1227 tionem,
492 1175 722 1228 patefactis
753 1175 981 1219 verborum
1009 1175 1403 1230 significationibus,
1425 1179 1469 1219 et
1491 1177 1717 1219 enucleato

289 1256 432 1296 sensu,
459 1249 706 1298 pararetur.
1291 1248 1293 1250 ’

371 1315 463 1356 Hoc
501 1313 669 1369 quidem
704 1315 925 1369 proposito
964 1316 1139 1369 scripsit
1175 1317 1574 1372 interpretationem
1611 1317 1717 1361 Gar-

288 1385 444 1427 minum
481 1384 727 1437 Saliarium,
768 1385 821 1427 de
860 1399 942 1440 qua
981 1387 1121 1429 Varro
1154 1385 1209 1440 ¹):
1252 1389 1333 1440 „Ut
1368 1389 1415 1431 in
1454 1391 1596 1431 soluta
1622 1401 1720 1432 ora-

289 1457 421 1509 tione,
460 1457 524 1498 sic
559 1457 605 1516 in
644 1458 853 1511 poematis
890 1458 1027 1500 verba
1067 1454 1154 1502 non
1188 1459 1342 1512 omnia,
1383 1472 1491 1514 quae
1531 1459 1719 1502 habeant

288 1526 414 1580 ἐ’τυμα,
441 1530 620 1582 possunt
648 1527 746 1569 dici.
775 1529 921 1589 Neque
949 1529 1083 1570 multa
1119 1529 1172 1572 ab
1210 1542 1261 1571 eo
1303 1529 1561 1585 (eruentur),
1598 1543 1719 1586 quem

287 1612 376 1642 non
405 1602 532 1640 erunt
559 1599 605 1639 in
633 1599 931 1640 lucubratione
959 1600 1117 1642 literae
1154 1605 1421 1655 prosecutae,
1456 1603 1630 1643 multum
1665 1602 1719 1643 li-

293 1674 364 1714 cet
391 1670 565 1726 legerit.
593 1669 720 1723 Aelii,
747 1668 933 1712 hominis
960 1669 1006 1712 in
1033 1669 1169 1724 primo
1198 1670 1245 1713 in
1272 1671 1416 1714 literis
1443 1672 1615 1716 Latinis
1644 1684 1720 1715 ex-

291 1744 478 1796 ercitati,
506 1743 909 1797 interpretationem
945 1743 1175 1786 carminum
1212 1743 1430 1786 Saliorum
1468 1745 1638 1788 videbis
1676 1749 1722 1788 et

291 1816 474 1858 exiliter
502 1813 539 1867 2)
571 1814 817 1867 expeditam
846 1818 890 1855 et
927 1814 1169 1868 praeterita
1206 1815 1387 1857 obscura
1424 1818 1570 1858 multa.
1628 1818 1719 1859 Nec

287 1886 451 1938 mirum,
481 1897 604 1940 quum
631 1897 718 1926 non
745 1884 866 1925 modo
896 1883 1166 1939 Epimenides
1194 1889 1292 1939 post
1319 1898 1452 1927 annos
1491 1886 1526 1928 L
1558 1898 1754 1956 expet-3

289 1963 437 2000 rectus
468 1971 495 2000 a
522 1957 667 1998 multis
696 1969 782 1997 non
811 1961 1105 2009 cognoscatur,
1134 1957 1210 1997 sed
1239 1957 1367 1999 etiam
1397 1940 1713 2000 Teucer‘Livii

291 2033 390 2085 post
418 2041 552 2071 annos
580 2029 662 2071 XV
692 2028 744 2070 ab
775 2027 865 2069 suis
908 2027 979 2082 qui
1020 2027 1077 2069 sit
1114 2027 1351 2083 ignoretur.
1405 2028 1462 2070 At
1497 2028 1578 2071 hoc
1616 2029 1717 2085 quid

292 2103 348 2144 ad
393 2102 623 2143 verborum
662 2100 923 2154 poeticorum
971 2100 1184 2141 aetatem?
1230 2112 1405 2154 quorum
1451 2101 1490 2142 si
1534 2102 1716 2155 Pompili

286 2186 468 2228 regnum
505 2174 603 2214 fons
641 2172 687 2213 in
723 2171 981 2222 carminibus
1021 2171 1248 2224 Saliorum,
1294 2184 1432 2227 neque
1471 2185 1524 2214 ea
1559 2174 1612 2215 ab
1651 2186 1720 2215 su-

288 2246 533 2300 perioribus
562 2249 750 2299 accepta,
780 2248 921 2286 tamen
949 2244 1110 2288 habent
1138 2244 1250 2288 DCC
1279 2244 1452 2287 annos.“
1508 2246 1618 2288 Hinc
1653 2247 1720 2290 in-

292 2316 523 2371 telligitur,
554 2327 677 2370 quam
707 2326 892 2369 operosa
921 2318 965 2355 et
994 2314 1128 2357 ardua
1163 2313 1288 2369 hujus
1325 2301 1538 2372 susceptio
1577 2318 1720 2373 operis

401 2423 466 2463 cit.
495 2421 590 2462 Vid.
619 2421 713 2463 Em.
743 2425 876 2463 annot.
906 2421 958 2461 ad
986 2421 1012 2461 l.
1041 2421 1067 2463 l.
1097 2421 1181 2461 Sed
1218 2433 1391 2460 errorem
1420 2434 1536 2461 suum
1563 2422 1720 2463 videtur

396 2478 636 2532 agnovisse;
665 2477 705 2519 in
733 2476 843 2519 Clav.
873 2478 978 2518 enim
1007 2478 1059 2518 de
1097 2477 1338 2531 antiquitate
1354 2476 1543 2518 Romana
1559 2476 1721 2519 Aelium

402 2534 620 2586 scripsisse
650 2537 856 2574 memorat.
894 2532 968 2575 Cff.
997 2532 1238 2584 Bernhardy
1267 2531 1345 2586 Op.
1375 2531 1399 2574 l.
1429 2546 1468 2586 p.
1496 2532 1590 2575 325.
1647 2533 1721 2575 Su-

402 2589 536 2641 ringar
566 2587 644 2641 Op.
673 2588 698 2629 l.
728 2591 758 2630 1.
788 2601 826 2640 p.
855 2588 921 2632 41.

342 2646 372 2695 ¹)
401 2643 465 2683 De
493 2642 541 2684 L.
569 2643 616 2684 L.
649 2642 742 2685 Vll.
770 2643 808 2684 2.
838 2642 877 2684 3.

336 2701 371 2752 2)
401 2697 536 2752 Vulgo
572 2698 674 2739 exili
717 2697 847 2738 litera.
891 2697 975 2739 Sed
1011 2697 1088 2740 vid.
1124 2697 1216 2739 lect.
1246 2699 1383 2740 variet.
1421 2710 1486 2753 ap„
1528 2696 1719 2754 Spengel.
