1961 3338
873 253 1234 302 ,104-

340 372 520 423 faciens,
538 383 690 427 neque,
702 373 758 414 ad
776 371 894 425 cnjus
922 373 1162 426 exemplum
1188 384 1237 414 se
1258 373 1554 424 conformaret,
1568 371 1768 414 latinum

339 443 594 497 scriptorem
620 443 797 488 habens.
836 445 1029 495 Quattuor
1054 443 1182 487 libris
1218 444 1465 506 nniversam
1492 445 1629 486 artem
1656 454 1767 486 com-

333 514 577 569 prehendit,
613 529 717 570 quos
752 519 895 557 tamen
930 527 1019 557 non
1065 515 1266 557 continuo
1312 510 1458 558 omnes
1494 514 1641 566 edidit,
1687 513 1765 556 sed

330 584 561 640 interiecto
590 589 779 640 tempore
808 585 998 628 absolvit
1022 582 1070 638 ²),
1099 597 1193 628 nec-
1208 586 1296 629 nisi
1324 586 1518 642 singulos
1547 585 1764 641 deinceps,

327 659 617 701 familiaribus
645 657 834 712 negotiis
876 657 1112 711 districtus,
1147 658 1267 700 misit
1302 658 1350 701 in
1386 660 1535 702 lucem.
1596 657 1763 701 Iccirco

328 731 582 786 prodiernmt
609 730 691 772 duo
719 731 796 774 vel
822 734 915 773 tres
942 731 1082 786 primi,
1100 728 1183 787 quo
1202 734 1394 786 tempore
1416 732 1568 777 Cicero
1596 734 1758 774 utrun-

328 816 410 857 que
450 815 570 844 suum
608 802 661 844 de
714 802 970 843 Inventione
1019 801 1184 844 edebat.
1240 800 1443 857 Arbitror
1486 806 1638 854 autem,
1680 800 1763 845 hac

329 872 503 913 Aeliani
532 873 678 925 operis
707 872 907 923 editione,
937 879 1053 925 quae·
1086 872 1271 913 maxime
1310 872 1612 926 inexspectata
1651 872 1763 915 acci-

327 942 403 995 dit,
433 941 684 984 Ciceronem
710 954 951 994 recusasse,
981 954 1062 996 quo
1089 941 1228 984 minus
1244 945 1501 997 pertexeret
1528 947 1655 998 atque
1687 942 1762 985 ab-

327 1015 523 1055 solveret
549 1013 772 1056 rhetorica
800 1026 890 1066 sua,
922 1026 1098 1068 quorum
1125 1014 1243 1056 edita
1268 1025 1372 1069 pars
1410 1017 1497 1056 tam
1534 1014 1764 1057 manifesta

329 1086 541 1128 Aelianae
571 1086 826 1141 disciplinae
845 1075 1048 1145 'vestigia
1074 1090 1319 1141 tantamque
1349 1099 1441 1129 cum
1468 1086 1665 1129 Aelianis
1692 1098 1764 1128 re·

324 1169 427 1199 tens
458 1157 587 1199 editis
615 1158 744 1200 libris
772 1156 1098 1199 similitudinem
1124 1157 1341 1212 proderet.
1370 1156 1521 1199 Aelius
1549 1169 1657 1200 vero
1693 1157 1759 1200 in·-

324 1228 519 1271 choatam
545 1242 636 1271 rem
664 1230 719 1270 ad
746 1229 873 1270 finem
901 1228 1108 1282 perduxit
1141 1232 1269 1282 atque
1298 1228 1508 1270 Herennii
1537 1228 1754 1270 voluntati

326 1300 573 1353 plenissime
602 1300 828 1341 satisfecit.

407 1371 765 1414 Probabilitatem
799 1371 846 1414 in
881 1370 950 1413 his
988 1371 1136 1423 secuti,
1172 1369 1286 1412 nihil
1331 1373 1493 1413 temere
1529 1370 1759 1425 posuimus,

324 1443 630 1498 facillimeque,
659 1443 822 1497 opinor,
851 1443 1035 1497 singula,
1072 1455 1180 1497 quae
1218 1442 1474 1484 difficultate
1508 1443 1759 1495 premeban-

322 1516 408 1565 tur,
436 1512 780 1568 explicabuntur.
833 1513 1022 1567 Namque
1059 1512 1326 1567 intelligitur
1357 1510 1446 1566 jam
1482 1517 1646 1566 sponte,
1676 1525 1758 1569 quo

322 1583 422 1638 jure
449 1584 601 1626 Aelius
627 1585 675 1626 in
702 1579 924 1626 nonnullis
966 1583 1233 1642 inventionis
1270 1583 1356 1626 sibi
1391 1584 1561 1626 laudem
1598 1585 1759 1627 tribue-

322 1656 383 1698 rit
412 1654 462 1708 ²),
492 1655 646 1699 Cicero
674 1668 782 1698 vero
810 1656 1002 1698 inventis
1030 1655 1158 1709 Aelii,
1186 1655 1370 1698 nondum
1406 1655 1452 1698 in
1488 1656 1627 1698 lucem
1661 1669 1759 1711 pro-

324 1728 479 1780 ductis,
516 1741 541 1769 e
581 1728 813 1782 disciplina
849 1740 963 1780 usus,
1008 1727 1274 1769 inventionis
1310 1727 1494 1781 gloriam
1545 1727 1629 1770 sibi
1671 1741 1758 1770 non

323 1800 615 1853 arrogaverit,
661 1799 774 1855 quod
822 1799 970 1841 aliena
1022 1802 1152 1852 esset,
1199 1811 1337 1854 neque
1388 1810 1496 1841 vero
1541 1803 1758 1854 acceptam

319 1870 450 1911 Aelio
479 1871 686 1912 retulerit
716 1869 766 1923 3),
795 1871 906 1925 quod
933 1871 1114 1912 inventa
1160 1869 1251 1924 ejus
1291 1870 1464 1925 scriptis
1501 1870 1754 1925 consignata

316 1942 506 1984 nondum
535 1943 732 1985 vidisset.
771 1943 1040 1997 Intelligitur
1068 1944 1207 1993 etiam,
1235 1943 1346 1985 unde
1375 1942 1508 1984 mirus
1536 1943 1616 1985 ille
1644 1943 1752 1985 utri-

320 2025 453 2067 usque
484 2013 674 2053 auctoris
703 2024 937 2053 consensus
966 2012 1199 2065 exstiterit,
1222 2013 1294 2068 qui
1321 2025 1408 2054 non
1433 2012 1636 2055 fortuitus
1657 2024 1754 2056 esse

316 2085 473 2139 potuit,
503 2086 581 2126 sed
607 2086 881 2127 necessarius
920 2098 1015 2127 esse
1055 2085 1211 2126 debuit.
1269 2084 1537 2137 Intelligitur
1567 2085 1754 2135 tandem,

319 2156 395 2210 qui
425 2156 582 2198 factum
613 2156 683 2209 sit,
720 2159 768 2197 ut
804 2148 989 2208 Aeliuss
1006 2155 1198 2198 scribere
1236 2152 1471 2197 Rhetorica
1512 2153 1753 2207 instituens,

314 2229 525 2269 nonnulla
573 2228 746 2282 plenius
784 2228 1122 2282 diligentiusque
1173 2227 1435 2282 exposuerit,
1471 2239 1579 2281 quae
1618 2228 1755 2270 minus

318 2299 507 2342 dilucide
555 2303 686 2343 antea
722 2299 945 2356 discipulis
990 2298 1257 2354 tradidisset,
1300 2302 1430 2356 utque
1475 2298 1622 2343 eadem
1669 2300 1752 2345 illa

362 2443 398 2497 ¹)
426 2441 542 2510 Idaeo
572 2443 815 2485 intermissio
845 2428 981 2499 operis
1010 2445 1125 2498 patet
1153 2443 1401 2499 singulorum
1429 2443 1618 2486 librormn
1645 2445 1753 2500 prin·

363 2555 400 2606 ¹)
428 2512 534 2596 ispe?
559 2512 614 2594 3⁰
626 2499 765 2595 &³2

364 2611 394 2660 3)
425 2608 651 2719 &935-(233
675 2609 735 2651 Cf.
765 2608 928 2652 Schutz.
957 2607 1138 2652 Prooem.
1167 2624 1207 2664 p.
1248 2611 1314 2651 54.
1344 2610 1561 2652 Westerm.
1602 2611 1628 2651 Ι.
1656 2610 1682 2650 1.
1710 2624 1747 2663 p.
