<?xml version="1.0" encoding="UTF-8"?>
<!DOCTYPE html PUBLIC "-//W3C//DTD XHTML 1.0 Transitional//EN"
    "http://www.w3.org/TR/xhtml1/DTD/xhtml1-transitional.dtd">
<html xmlns="http://www.w3.org/1999/xhtml" xml:lang="en" lang="en">
 <head>
  <title>
</title>
<meta http-equiv="Content-Type" content="text/html;charset=utf-8" />
  <meta name='ocr-system' content='tesseract 3.04.00' />
  <meta name='ocr-capabilities' content='ocr_page ocr_carea ocr_par ocr_line ocrx_word'/>
</head>
<body>
  <div class='ocr_page' id='page_1' title='image "./4738125_0078.png"; bbox 0 0 1961 3338; ppageno 0'>
   <div class='ocr_carea' id='block_1_1' title="bbox 337 395 1818 880">
    <p class='ocr_par' dir='ltr' id='par_1_1' title="bbox 337 395 1818 880">
     <span class='ocr_line' id='line_1_1' title="bbox 337 395 1766 452; baseline 0.001 -15"><span class='ocrx_word' id='word_1_1' title='bbox 337 398 514 448; x_wconf 83' lang='lat' dir='ltr'><strong>praeter</strong></span> <span class='ocrx_word' id='word_1_2' title='bbox 541 396 681 441; x_wconf 87' lang='lat' dir='ltr'><strong>libros</strong></span> <span class='ocrx_word' id='word_1_3' title='bbox 709 398 762 441; x_wconf 92' lang='lat' dir='ltr'><strong>de</strong></span> <span class='ocrx_word' id='word_1_4' title='bbox 792 399 1031 452; x_wconf 83' lang='lat' dir='ltr'><strong>verborum,</strong></span> <span class='ocrx_word' id='word_1_5' title='bbox 1060 410 1169 452; x_wconf 82' lang='lat' dir='ltr'><strong>quae</strong></span> <span class='ocrx_word' id='word_1_6' title='bbox 1198 398 1255 441; x_wconf 85' lang='lat' dir='ltr'><strong>ad</strong></span> <span class='ocrx_word' id='word_1_7' title='bbox 1276 397 1348 452; x_wconf 85' lang='lat' dir='ltr'><strong>jus</strong></span> <span class='ocrx_word' id='word_1_8' title='bbox 1377 397 1509 440; x_wconf 84' lang='lat' dir='ltr'><strong>civile</strong></span> <span class='ocrx_word' id='word_1_9' title='bbox 1536 395 1766 451; x_wconf 80' lang='lat' dir='ltr'><strong>pertinent,</strong></span> 
     </span>
     <span class='ocr_line' id='line_1_2' title="bbox 338 467 1765 526; baseline 0.001 -18"><span class='ocrx_word' id='word_1_10' title='bbox 338 467 667 523; x_wconf 81' lang='lat' dir='ltr'><strong>significatione,</strong></span> <span class='ocrx_word' id='word_1_11' title='bbox 702 472 824 513; x_wconf 84' lang='lat' dir='ltr'><strong>nulla</strong></span> <span class='ocrx_word' id='word_1_12' title='bbox 861 474 1161 513; x_wconf 78' lang='lat' dir='ltr'><strong>memorantur.</strong></span> <span class='ocrx_word' id='word_1_13' title='bbox 1218 472 1361 521; x_wconf 81' lang='lat' dir='ltr'><strong>Quare</strong></span> <span class='ocrx_word' id='word_1_14' title='bbox 1407 468 1631 526; x_wconf 82' lang='lat' dir='ltr'><strong>probabile</strong></span> <span class='ocrx_word' id='word_1_15' title='bbox 1685 471 1765 521; x_wconf 85' lang='lat' dir='ltr'><strong>est,</strong></span> 
     </span>
     <span class='ocr_line' id='line_1_3' title="bbox 340 536 1818 596; baseline 0.002 -17"><span class='ocrx_word' id='word_1_16' title='bbox 340 541 637 595; x_wconf 80' lang='lat' dir='ltr'><strong>etymologias,</strong></span> <span class='ocrx_word' id='word_1_17' title='bbox 667 555 775 596; x_wconf 85' lang='lat' dir='ltr'><strong>quae</strong></span> <span class='ocrx_word' id='word_1_18' title='bbox 805 542 916 596; x_wconf 90' lang='lat' dir='ltr'><strong>apud</strong></span> <span class='ocrx_word' id='word_1_19' title='bbox 945 536 1120 584; x_wconf 76' lang='lat' dir='ltr'><strong>Fest&#39;um</strong></span> <span class='ocrx_word' id='word_1_20' title='bbox 1146 542 1314 585; x_wconf 86' lang='lat' dir='ltr'><strong>aliosve</strong></span> <span class='ocrx_word' id='word_1_21' title='bbox 1350 542 1625 596; x_wconf 79' lang='lat' dir='ltr'><strong>reperiuntur</strong></span> <span class='ocrx_word' id='word_1_22' title='bbox 1652 539 1767 581; x_wconf 82' lang='lat' dir='ltr'><strong>Aelii</strong></span> <span class='ocrx_word' id='word_1_23' title='bbox 1813 569 1818 582; x_wconf 89' lang='lat'><strong>.</strong></span> 
     </span>
     <span class='ocr_line' id='line_1_4' title="bbox 338 611 1768 669; baseline 0 -17"><span class='ocrx_word' id='word_1_24' title='bbox 338 611 508 653; x_wconf 90' lang='lat' dir='ltr'><strong>nomine</strong></span> <span class='ocrx_word' id='word_1_25' title='bbox 537 613 749 665; x_wconf 84' lang='lat' dir='ltr'><strong>laudatae,</strong></span> <span class='ocrx_word' id='word_1_26' title='bbox 777 627 914 669; x_wconf 86' lang='lat' dir='ltr'><strong>neque</strong></span> <span class='ocrx_word' id='word_1_27' title='bbox 944 614 999 655; x_wconf 88' lang='lat' dir='ltr'><strong>ad</strong></span> <span class='ocrx_word' id='word_1_28' title='bbox 1030 612 1102 667; x_wconf 91' lang='lat' dir='ltr'><strong>jus</strong></span> <span class='ocrx_word' id='word_1_29' title='bbox 1131 614 1264 656; x_wconf 84' lang='lat' dir='ltr'><strong>civile</strong></span> <span class='ocrx_word' id='word_1_30' title='bbox 1300 614 1579 669; x_wconf 82' lang='lat' dir='ltr'><strong>pertinentes,</strong></span> <span class='ocrx_word' id='word_1_31' title='bbox 1607 611 1768 655; x_wconf 89' lang='lat' dir='ltr'><strong>Stiloni</strong></span> 
     </span>
     <span class='ocr_line' id='line_1_5' title="bbox 341 683 1768 740; baseline 0 -17"><span class='ocrx_word' id='word_1_32' title='bbox 341 695 438 724; x_wconf 90' lang='lat' dir='ltr'><strong>esse</strong></span> <span class='ocrx_word' id='word_1_33' title='bbox 469 683 769 725; x_wconf 84' lang='lat' dir='ltr'><strong>vindicandas:</strong></span> <span class='ocrx_word' id='word_1_34' title='bbox 800 698 1047 740; x_wconf 85' lang='lat' dir='ltr'><strong>quamquam</strong></span> <span class='ocrx_word' id='word_1_35' title='bbox 1072 699 1159 727; x_wconf 92' lang='lat' dir='ltr'><strong>non</strong></span> <span class='ocrx_word' id='word_1_36' title='bbox 1187 698 1354 739; x_wconf 90' lang='lat' dir='ltr'><strong>semper</strong></span> <span class='ocrx_word' id='word_1_37' title='bbox 1382 684 1587 727; x_wconf 86' lang='lat' dir='ltr'><strong>affirmari</strong></span> <span class='ocrx_word' id='word_1_38' title='bbox 1614 685 1768 736; x_wconf 86' lang='lat' dir='ltr'><strong>potest,</strong></span> 
     </span>
     <span class='ocr_line' id='line_1_6' title="bbox 339 753 1768 812; baseline 0.001 -18"><span class='ocrx_word' id='word_1_39' title='bbox 339 753 395 795; x_wconf 86' lang='lat' dir='ltr'><strong>ad</strong></span> <span class='ocrx_word' id='word_1_40' title='bbox 417 753 489 806; x_wconf 89' lang='lat' dir='ltr'><strong>jus</strong></span> <span class='ocrx_word' id='word_1_41' title='bbox 510 754 641 796; x_wconf 85' lang='lat' dir='ltr'><strong>civile</strong></span> <span class='ocrx_word' id='word_1_42' title='bbox 668 767 742 796; x_wconf 86' lang='lat' dir='ltr'><strong>eas</strong></span> <span class='ocrx_word' id='word_1_43' title='bbox 763 768 849 797; x_wconf 90' lang='lat' dir='ltr'><strong>non</strong></span> <span class='ocrx_word' id='word_1_44' title='bbox 875 757 1110 811; x_wconf 90' lang='lat' dir='ltr'><strong>pertinere.</strong></span> <span class='ocrx_word' id='word_1_45' title='bbox 1139 758 1302 812; x_wconf 85' lang='lat' dir='ltr'><strong>ltaque,</strong></span> <span class='ocrx_word' id='word_1_46' title='bbox 1319 756 1393 799; x_wconf 91' lang='lat' dir='ltr'><strong>ubi</strong></span> <span class='ocrx_word' id='word_1_47' title='bbox 1421 754 1676 799; x_wconf 82' lang='lat' dir='ltr'><strong>dubitationi</strong></span> <span class='ocrx_word' id='word_1_48' title='bbox 1702 754 1768 796; x_wconf 93' lang='lat' dir='ltr'><strong>lo-</strong></span> 
     </span>
     <span class='ocr_line' id='line_1_7' title="bbox 339 825 1690 880; baseline 0.001 -16"><span class='ocrx_word' id='word_1_49' title='bbox 339 836 414 864; x_wconf 84' lang='lat' dir='ltr'><strong>eus</strong></span> <span class='ocrx_word' id='word_1_50' title='bbox 444 825 539 876; x_wconf 88' lang='lat' dir='ltr'><strong>erit,</strong></span> <span class='ocrx_word' id='word_1_51' title='bbox 570 826 851 876; x_wconf 81' lang='lat' dir='ltr'><strong>monebimus3</strong></span> <span class='ocrx_word' id='word_1_52' title='bbox 874 825 964 879; x_wconf 89' lang='lat' dir='ltr'><strong>jam</strong></span> <span class='ocrx_word' id='word_1_53' title='bbox 991 828 1088 880; x_wconf 83' lang='lat' dir='ltr'><strong>ipsa</strong></span> <span class='ocrx_word' id='word_1_54' title='bbox 1114 828 1359 880; x_wconf 83' lang='lat' dir='ltr'><strong>fragmenta</strong></span> <span class='ocrx_word' id='word_1_55' title='bbox 1387 837 1690 880; x_wconf 79' lang='lat' dir='ltr'><strong>componamus.</strong></span> 
     </span>
    </p>
   </div>
   <div class='ocr_carea' id='block_1_2' title="bbox 945 932 1166 941">
    <p class='ocr_par' dir='ltr' id='par_1_2' title="bbox 945 932 1166 941">
     <span class='ocr_line' id='line_1_8' title="bbox 945 932 1166 941; baseline 0 2397"><span class='ocrx_word' id='word_1_56' title='bbox 945 932 1166 941; x_wconf 95' lang='lat' dir='ltr'><strong> </strong></span> 
     </span>
    </p>
   </div>
   <div class='ocr_carea' id='block_1_3' title="bbox 605 1008 1499 1148">
    <p class='ocr_par' dir='ltr' id='par_1_3' title="bbox 605 1008 1499 1148">
     <span class='ocr_line' id='line_1_9' title="bbox 1047 1008 1080 1050; baseline -0.03 0"><span class='ocrx_word' id='word_1_57' title='bbox 1047 1008 1080 1050; x_wconf 90' lang='lat'><strong>1.</strong></span> 
     </span>
     <span class='ocr_line' id='line_1_10' title="bbox 605 1090 1499 1148; baseline -0.001 -13"><span class='ocrx_word' id='word_1_58' title='bbox 605 1090 857 1135; x_wconf 83' lang='lat' dir='ltr'><strong>Saliarium</strong></span> <span class='ocrx_word' id='word_1_59' title='bbox 886 1091 1141 1135; x_wconf 69' lang='lat' dir='ltr'><strong>Car-minum</strong></span> <span class='ocrx_word' id='word_1_60' title='bbox 1168 1091 1499 1148; x_wconf 83' lang='lat' dir='ltr'><strong>Interpretatio.</strong></span> 
     </span>
    </p>
   </div>
   <div class='ocr_carea' id='block_1_4' title="bbox 814 1181 1301 1223">
    <p class='ocr_par' dir='ltr' id='par_1_4' title="bbox 814 1181 1301 1223">
     <span class='ocr_line' id='line_1_11' title="bbox 814 1181 1301 1223; baseline -0.002 -1"><span class='ocrx_word' id='word_1_61' title='bbox 814 1181 955 1222; x_wconf 87' lang='lat' dir='ltr'><strong>Varro</strong></span> <span class='ocrx_word' id='word_1_62' title='bbox 984 1182 1034 1222; x_wconf 86' lang='lat' dir='ltr'><strong>L.</strong></span> <span class='ocrx_word' id='word_1_63' title='bbox 1063 1182 1112 1223; x_wconf 77' lang='lat'><strong>1..</strong></span> <span class='ocrx_word' id='word_1_64' title='bbox 1141 1183 1234 1223; x_wconf 87' lang='lat' dir='ltr'><strong>vll.</strong></span> <span class='ocrx_word' id='word_1_65' title='bbox 1262 1183 1301 1221; x_wconf 81' lang='lat'><strong>2.</strong></span> 
     </span>
    </p>
   </div>
   <div class='ocr_carea' id='block_1_5' title="bbox 341 1268 1771 2024">
    <p class='ocr_par' dir='ltr' id='par_1_5' title="bbox 341 1268 1771 2024">
     <span class='ocr_line' id='line_1_12' title="bbox 345 1268 959 1315; baseline 0.005 -3"><span class='ocrx_word' id='word_1_66' title='bbox 345 1274 381 1312; x_wconf 94' lang='lat' dir='ltr'><strong>l.</strong></span> <span class='ocrx_word' id='word_1_67' title='bbox 410 1268 654 1314; x_wconf 76' lang='lat' dir='ltr'><strong><em>FESTUS</em></strong></span> <span class='ocrx_word' id='word_1_68' title='bbox 681 1284 719 1313; x_wconf 86' lang='lat' dir='ltr'><strong>v.</strong></span> <span class='ocrx_word' id='word_1_69' title='bbox 748 1270 959 1315; x_wconf 84' lang='lat' dir='ltr'><strong>Manuos.</strong></span> 
     </span>
     <span class='ocr_line' id='line_1_13' title="bbox 422 1339 1771 1399; baseline 0 -14"><span class='ocrx_word' id='word_1_70' title='bbox 422 1339 684 1386; x_wconf 81' lang='lat' dir='ltr'><strong><em>MANUOS</em></strong></span> <span class='ocrx_word' id='word_1_71' title='bbox 711 1345 759 1385; x_wconf 89' lang='lat' dir='ltr'><strong>in</strong></span> <span class='ocrx_word' id='word_1_72' title='bbox 788 1343 1059 1387; x_wconf 81' lang='lat' dir='ltr'><strong>carminibus</strong></span> <span class='ocrx_word' id='word_1_73' title='bbox 1085 1343 1342 1387; x_wconf 74' lang='lat' dir='ltr'><strong>Saliaribus</strong></span> <span class='ocrx_word' id='word_1_74' title='bbox 1356 1341 1516 1387; x_wconf 84' lang='lat' dir='ltr'><strong>Aelius</strong></span> <span class='ocrx_word' id='word_1_75' title='bbox 1535 1342 1656 1386; x_wconf 85' lang='lat' dir='ltr'><strong>Stilo</strong></span> <span class='ocrx_word' id='word_1_76' title='bbox 1682 1346 1771 1399; x_wconf 65' lang='grc' dir='ltr'><strong>εἰς.</strong></span> 
     </span>
     <span class='ocr_line' id='line_1_14' title="bbox 341 1411 807 1469; baseline 0 -11"><span class='ocrx_word' id='word_1_77' title='bbox 341 1411 533 1469; x_wconf 82' lang='lat' dir='ltr'><strong>nificare</strong></span> <span class='ocrx_word' id='word_1_78' title='bbox 562 1416 627 1456; x_wconf 88' lang='lat' dir='ltr'><strong>ait</strong></span> <span class='ocrx_word' id='word_1_79' title='bbox 655 1413 807 1458; x_wconf 83' lang='lat' dir='ltr'><strong>bonos.</strong></span> 
     </span>
     <span class='ocr_line' id='line_1_15' title="bbox 446 1486 1771 1541; baseline -0.001 -13"><span class='ocrx_word' id='word_1_80' title='bbox 446 1486 657 1528; x_wconf 87' lang='lat' dir='ltr'><strong>Dacerius</strong></span> <span class='ocrx_word' id='word_1_81' title='bbox 694 1487 924 1541; x_wconf 84' lang='lat' dir='ltr'><strong>legendum</strong></span> <span class='ocrx_word' id='word_1_82' title='bbox 973 1486 1157 1541; x_wconf 85' lang='lat' dir='ltr'><strong>conjecit</strong></span> <span class='ocrx_word' id='word_1_83' title='bbox 1203 1497 1357 1528; x_wconf 87' lang='lat' dir='ltr'><strong>manes</strong></span> <span class='ocrx_word' id='word_1_84' title='bbox 1401 1486 1477 1527; x_wconf 85' lang='lat' dir='ltr'><strong>vel</strong></span> <span class='ocrx_word' id='word_1_85' title='bbox 1519 1496 1691 1537; x_wconf 83' lang='lat' dir='ltr'><strong>manos,</strong></span> <span class='ocrx_word' id='word_1_86' title='bbox 1727 1488 1771 1527; x_wconf 91' lang='lat' dir='ltr'><strong>et</strong></span> 
     </span>
     <span class='ocr_line' id='line_1_16' title="bbox 449 1557 1771 1613; baseline 0 -15"><span class='ocrx_word' id='word_1_87' title='bbox 449 1558 648 1598; x_wconf 89' lang='lat' dir='ltr'><strong>alludere</strong></span> <span class='ocrx_word' id='word_1_88' title='bbox 690 1559 866 1599; x_wconf 81' lang='lat' dir='ltr'><strong>Festum</strong></span> <span class='ocrx_word' id='word_1_89' title='bbox 910 1559 1091 1613; x_wconf 82' lang='lat' dir='ltr'><strong>putavit,</strong></span> <span class='ocrx_word' id='word_1_90' title='bbox 1129 1558 1240 1613; x_wconf 86' lang='lat' dir='ltr'><strong>quod</strong></span> <span class='ocrx_word' id='word_1_91' title='bbox 1283 1558 1331 1599; x_wconf 92' lang='lat' dir='ltr'><strong>in</strong></span> <span class='ocrx_word' id='word_1_92' title='bbox 1374 1557 1560 1598; x_wconf 88' lang='lat' dir='ltr'><strong>carmine</strong></span> <span class='ocrx_word' id='word_1_93' title='bbox 1605 1557 1771 1600; x_wconf 86' lang='lat' dir='ltr'><strong>Saliari</strong></span> 
     </span>
     <span class='ocr_line' id='line_1_17' title="bbox 448 1626 1769 1673; baseline -0.001 -3"><span class='ocrx_word' id='word_1_94' title='bbox 448 1632 540 1670; x_wconf 88' lang='lat' dir='ltr'><strong>est:</strong></span> <span class='ocrx_word' id='word_1_95' title='bbox 578 1626 724 1671; x_wconf 79' lang='lat' dir='ltr'><strong>Cems</strong></span> <span class='ocrx_word' id='word_1_96' title='bbox 751 1641 910 1673; x_wconf 85' lang='lat' dir='ltr'><strong>manus</strong></span> <span class='ocrx_word' id='word_1_97' title='bbox 937 1631 965 1672; x_wconf 91' lang='lat' dir='ltr'><strong>i.</strong></span> <span class='ocrx_word' id='word_1_98' title='bbox 996 1644 1034 1672; x_wconf 90' lang='lat' dir='ltr'><strong>e.</strong></span> <span class='ocrx_word' id='word_1_99' title='bbox 1065 1630 1249 1673; x_wconf 87' lang='lat' dir='ltr'><strong>Creator</strong></span> <span class='ocrx_word' id='word_1_100' title='bbox 1287 1630 1435 1672; x_wconf 89' lang='lat' dir='ltr'><strong>bonus.</strong></span> <span class='ocrx_word' id='word_1_101' title='bbox 1491 1629 1769 1670; x_wconf 86' lang='lat' dir='ltr'><strong>Animadver-</strong></span> 
     </span>
     <span class='ocr_line' id='line_1_18' title="bbox 448 1698 1769 1754; baseline -0.001 -14"><span class='ocrx_word' id='word_1_102' title='bbox 448 1698 622 1740; x_wconf 78' lang='lat' dir='ltr'><strong>tendum</strong></span> <span class='ocrx_word' id='word_1_103' title='bbox 644 1703 796 1752; x_wconf 87' lang='lat' dir='ltr'><strong>autem‚</strong></span> <span class='ocrx_word' id='word_1_104' title='bbox 811 1700 979 1742; x_wconf 91' lang='lat' dir='ltr'><strong>Aelium</strong></span> <span class='ocrx_word' id='word_1_105' title='bbox 1007 1699 1119 1744; x_wconf 87' lang='lat' dir='ltr'><strong>hanc</strong></span> <span class='ocrx_word' id='word_1_106' title='bbox 1147 1700 1546 1754; x_wconf 87' lang='lat' dir='ltr'><strong>interpretationem</strong></span> <span class='ocrx_word' id='word_1_107' title='bbox 1575 1712 1598 1740; x_wconf 92' lang='lat' dir='ltr'><strong>e</strong></span> <span class='ocrx_word' id='word_1_108' title='bbox 1627 1699 1769 1753; x_wconf 88' lang='lat' dir='ltr'><strong>patrio</strong></span> 
     </span>
     <span class='ocr_line' id='line_1_19' title="bbox 451 1760 1768 1823; baseline 0.001 -14"><span class='ocrx_word' id='word_1_109' title='bbox 451 1780 647 1810; x_wconf 88' lang='lat' dir='ltr'><strong>sermone</strong></span> <span class='ocrx_word' id='word_1_110' title='bbox 685 1769 828 1811; x_wconf 90' lang='lat' dir='ltr'><strong>videri</strong></span> <span class='ocrx_word' id='word_1_111' title='bbox 863 1769 1073 1812; x_wconf 89' lang='lat' dir='ltr'><strong>hausisse.</strong></span> <span class='ocrx_word' id='word_1_112' title='bbox 1129 1772 1236 1813; x_wconf 87' lang='lat' dir='ltr'><strong>Nam</strong></span> <span class='ocrx_word' id='word_1_113' title='bbox 1271 1760 1488 1812; x_wconf 83' lang='lat' dir='ltr'><strong>Lanuvini</strong></span> <span class='ocrx_word' id='word_1_114' title='bbox 1527 1781 1655 1812; x_wconf 87' lang='lat' dir='ltr'><strong>mane</strong></span> <span class='ocrx_word' id='word_1_115' title='bbox 1689 1782 1768 1823; x_wconf 91' lang='lat' dir='ltr'><strong>pro</strong></span> 
     </span>
     <span class='ocr_line' id='line_1_20' title="bbox 450 1837 1766 1883; baseline 0.001 -4"><span class='ocrx_word' id='word_1_116' title='bbox 450 1837 564 1880; x_wconf 82' lang='lat' dir='ltr'><strong>bono</strong></span> <span class='ocrx_word' id='word_1_117' title='bbox 594 1839 806 1881; x_wconf 83' lang='lat' dir='ltr'><strong>dicebant.</strong></span> <span class='ocrx_word' id='word_1_118' title='bbox 835 1841 1026 1882; x_wconf 89' lang='lat' dir='ltr'><strong>Macrob.</strong></span> <span class='ocrx_word' id='word_1_119' title='bbox 1055 1840 1146 1883; x_wconf 90' lang='lat' dir='ltr'><strong>Sat.</strong></span> <span class='ocrx_word' id='word_1_120' title='bbox 1176 1843 1208 1882; x_wconf 91' lang='grc' dir='ltr'><strong>Ι.</strong></span> <span class='ocrx_word' id='word_1_121' title='bbox 1238 1844 1278 1882; x_wconf 83' lang='grc'><strong>3.</strong></span> <span class='ocrx_word' id='word_1_122' title='bbox 1335 1841 1419 1883; x_wconf 79' lang='lat' dir='ltr'><strong>cff.</strong></span> <span class='ocrx_word' id='word_1_123' title='bbox 1459 1843 1600 1883; x_wconf 88' lang='lat' dir='ltr'><strong>Varro</strong></span> <span class='ocrx_word' id='word_1_124' title='bbox 1637 1841 1686 1881; x_wconf 79' lang='lat'><strong>1..</strong></span> <span class='ocrx_word' id='word_1_125' title='bbox 1716 1841 1766 1881; x_wconf 83' lang='lat' dir='ltr'><strong>L.</strong></span> 
     </span>
     <span class='ocr_line' id='line_1_21' title="bbox 449 1909 1767 1970; baseline 0.001 -18"><span class='ocrx_word' id='word_1_126' title='bbox 449 1909 521 1952; x_wconf 86' lang='lat' dir='ltr'><strong>Vl.</strong></span> <span class='ocrx_word' id='word_1_127' title='bbox 550 1912 589 1952; x_wconf 84' lang='lat'><strong>4.</strong></span> <span class='ocrx_word' id='word_1_128' title='bbox 610 1911 726 1953; x_wconf 86' lang='lat' dir='ltr'><strong>Non.</strong></span> <span class='ocrx_word' id='word_1_129' title='bbox 755 1923 797 1953; x_wconf 83' lang='lat' dir='ltr'><strong>v.</strong></span> <span class='ocrx_word' id='word_1_130' title='bbox 824 1910 1011 1953; x_wconf 89' lang='lat' dir='ltr'><strong>Manum.</strong></span> <span class='ocrx_word' id='word_1_131' title='bbox 1049 1911 1149 1954; x_wconf 92' lang='lat' dir='ltr'><strong>lsid.</strong></span> <span class='ocrx_word' id='word_1_132' title='bbox 1188 1912 1307 1968; x_wconf 78' lang='lat' dir='ltr'><strong>orig.</strong></span> <span class='ocrx_word' id='word_1_133' title='bbox 1334 1913 1384 1955; x_wconf 89' lang='lat' dir='ltr'><strong>V.</strong></span> <span class='ocrx_word' id='word_1_134' title='bbox 1412 1915 1481 1955; x_wconf 81' lang='lat'><strong>30.</strong></span> <span class='ocrx_word' id='word_1_135' title='bbox 1540 1913 1767 1970; x_wconf 30' lang='lat' dir='ltr'><strong>Festuslv.</strong></span> 
     </span>
     <span class='ocr_line' id='line_1_22' title="bbox 445 1995 635 2024; baseline -0.005 0"><span class='ocrx_word' id='word_1_136' title='bbox 445 1995 635 2024; x_wconf 88' lang='lat' dir='ltr'><strong>manare.</strong></span> 
     </span>
    </p>
   </div>
   <div class='ocr_carea' id='block_1_6' title="bbox 336 2065 1010 2113">
    <p class='ocr_par' dir='ltr' id='par_1_6' title="bbox 336 2065 1010 2113">
     <span class='ocr_line' id='line_1_23' title="bbox 336 2065 1010 2113; baseline 0.001 -1"><span class='ocrx_word' id='word_1_137' title='bbox 336 2072 376 2112; x_wconf 85' lang='lat'><strong>2.</strong></span> <span class='ocrx_word' id='word_1_138' title='bbox 406 2065 649 2112; x_wconf 76' lang='lat' dir='ltr'><strong><em>FESTUS</em></strong></span> <span class='ocrx_word' id='word_1_139' title='bbox 675 2082 712 2112; x_wconf 89' lang='lat' dir='ltr'><strong>v.</strong></span> <span class='ocrx_word' id='word_1_140' title='bbox 741 2066 1010 2113; x_wconf 81' lang='lat' dir='ltr'><strong>Molucrum.</strong></span> 
     </span>
    </p>
   </div>
   <div class='ocr_carea' id='block_1_7' title="bbox 334 2138 1768 2269">
    <p class='ocr_par' dir='ltr' id='par_1_7' title="bbox 334 2138 1768 2269">
     <span class='ocr_line' id='line_1_24' title="bbox 418 2138 1768 2197; baseline 0.002 -14"><span class='ocrx_word' id='word_1_141' title='bbox 418 2138 769 2185; x_wconf 73' lang='lat' dir='ltr'><em>MOLUCRUM</em></span> <span class='ocrx_word' id='word_1_142' title='bbox 794 2139 955 2186; x_wconf 86' lang='lat' dir='ltr'><strong>Aelius</strong></span> <span class='ocrx_word' id='word_1_143' title='bbox 981 2145 1029 2185; x_wconf 89' lang='lat' dir='ltr'><strong>in</strong></span> <span class='ocrx_word' id='word_1_144' title='bbox 1058 2141 1375 2197; x_wconf 73' lang='lat' dir='ltr'><strong>explanatione</strong></span> <span class='ocrx_word' id='word_1_145' title='bbox 1410 2145 1653 2185; x_wconf 84' lang='lat' dir='ltr'><strong>carminum</strong></span> <span class='ocrx_word' id='word_1_146' title='bbox 1680 2142 1768 2187; x_wconf 86' lang='lat' dir='ltr'><strong>Sa-</strong></span> 
     </span>
     <span class='ocr_line' id='line_1_25' title="bbox 334 2209 1600 2269; baseline 0.002 -15"><span class='ocrx_word' id='word_1_147' title='bbox 334 2209 516 2254; x_wconf 89' lang='lat' dir='ltr'><strong>liarium</strong></span> <span class='ocrx_word' id='word_1_148' title='bbox 544 2211 770 2266; x_wconf 88' lang='lat' dir='ltr'><strong>appellari</strong></span> <span class='ocrx_word' id='word_1_149' title='bbox 798 2215 879 2265; x_wconf 84' lang='lat' dir='ltr'><strong>ait,</strong></span> <span class='ocrx_word' id='word_1_150' title='bbox 908 2212 1026 2268; x_wconf 80' lang='lat' dir='ltr'><strong>quod</strong></span> <span class='ocrx_word' id='word_1_151' title='bbox 1050 2212 1135 2255; x_wconf 81' lang='lat' dir='ltr'><strong>sub</strong></span> <span class='ocrx_word' id='word_1_152' title='bbox 1163 2212 1282 2256; x_wconf 82' lang='lat' dir='ltr'><strong>mola</strong></span> <span class='ocrx_word' id='word_1_153' title='bbox 1309 2218 1600 2269; x_wconf 81' lang='lat' dir='ltr'><strong>supponatur.</strong></span> 
     </span>
    </p>
   </div>
   <div class='ocr_carea' id='block_1_8' title="bbox 331 2302 630 2309">
    <p class='ocr_par' dir='ltr' id='par_1_8' title="bbox 331 2302 630 2309">
     <span class='ocr_line' id='line_1_26' title="bbox 331 2302 630 2309; baseline 0 0"><span class='ocrx_word' id='word_1_154' title='bbox 331 2302 630 2309; x_wconf 95' lang='lat' dir='ltr'><strong> </strong></span> 
     </span>
    </p>
   </div>
   <div class='ocr_carea' id='block_1_9' title="bbox 444 2347 1767 2737">
    <p class='ocr_par' dir='ltr' id='par_1_9' title="bbox 444 2347 1767 2737">
     <span class='ocr_line' id='line_1_27' title="bbox 444 2347 1767 2404; baseline 0 -15"><span class='ocrx_word' id='word_1_155' title='bbox 444 2353 540 2390; x_wconf 85' lang='lat' dir='ltr'><strong>mat.</strong></span> <span class='ocrx_word' id='word_1_156' title='bbox 568 2364 610 2404; x_wconf 89' lang='lat' dir='ltr'><strong>p.</strong></span> <span class='ocrx_word' id='word_1_157' title='bbox 640 2348 679 2390; x_wconf 82' lang='lat'><strong>2.</strong></span> <span class='ocrx_word' id='word_1_158' title='bbox 707 2347 791 2388; x_wconf 87' lang='lat' dir='ltr'><strong>Sed</strong></span> <span class='ocrx_word' id='word_1_159' title='bbox 820 2348 1070 2402; x_wconf 89' lang='lat' dir='ltr'><strong>praeclarius</strong></span> <span class='ocrx_word' id='word_1_160' title='bbox 1098 2350 1268 2403; x_wconf 81' lang='lat' dir='ltr'><strong>egisset,</strong></span> <span class='ocrx_word' id='word_1_161' title='bbox 1297 2349 1333 2388; x_wconf 91' lang='lat' dir='ltr'><strong>si</strong></span> <span class='ocrx_word' id='word_1_162' title='bbox 1364 2363 1414 2389; x_wconf 87' lang='lat' dir='ltr'><strong>ex</strong></span> <span class='ocrx_word' id='word_1_163' title='bbox 1449 2350 1551 2402; x_wconf 88' lang='lat' dir='ltr'><strong>ipsis</strong></span> <span class='ocrx_word' id='word_1_164' title='bbox 1587 2349 1767 2403; x_wconf 88' lang='lat' dir='ltr'><strong>reliquiis</strong></span> 
     </span>
     <span class='ocr_line' id='line_1_28' title="bbox 444 2403 1767 2446; baseline 0 -1"><span class='ocrx_word' id='word_1_165' title='bbox 444 2404 555 2446; x_wconf 89' lang='lat' dir='ltr'><strong>Aelii</strong></span> <span class='ocrx_word' id='word_1_166' title='bbox 587 2403 694 2445; x_wconf 86' lang='lat' dir='ltr'><strong>Galli</strong></span> <span class='ocrx_word' id='word_1_167' title='bbox 724 2406 901 2445; x_wconf 86' lang='lat' dir='ltr'><strong>aetatem</strong></span> <span class='ocrx_word' id='word_1_168' title='bbox 929 2403 1092 2446; x_wconf 85' lang='lat' dir='ltr'><strong>definire</strong></span> <span class='ocrx_word' id='word_1_169' title='bbox 1127 2403 1365 2446; x_wconf 86' lang='lat' dir='ltr'><strong>studuisset.</strong></span> <span class='ocrx_word' id='word_1_170' title='bbox 1424 2403 1623 2446; x_wconf 88' lang='lat' dir='ltr'><strong>Videntur</strong></span> <span class='ocrx_word' id='word_1_171' title='bbox 1660 2405 1767 2446; x_wconf 89' lang='lat' dir='ltr'><strong>enim</strong></span> 
     </span>
     <span class='ocr_line' id='line_1_29' title="bbox 444 2460 1762 2514; baseline -0.001 -13"><span class='ocrx_word' id='word_1_172' title='bbox 444 2462 619 2514; x_wconf 87' lang='lat' dir='ltr'><strong>vestigia</strong></span> <span class='ocrx_word' id='word_1_173' title='bbox 646 2464 821 2506; x_wconf 85' lang='lat' dir='ltr'><strong>exstare,</strong></span> <span class='ocrx_word' id='word_1_174' title='bbox 850 2475 873 2501; x_wconf 86' lang='lat' dir='ltr'><strong>e</strong></span> <span class='ocrx_word' id='word_1_175' title='bbox 903 2461 1049 2514; x_wconf 86' lang='lat' dir='ltr'><strong>quibus</strong></span> <span class='ocrx_word' id='word_1_176' title='bbox 1078 2460 1242 2506; x_wconf 85' lang='lat' dir='ltr'><strong>efficias,</strong></span> <span class='ocrx_word' id='word_1_177' title='bbox 1271 2460 1397 2500; x_wconf 71' lang='lat' dir='ltr'><strong>libera</strong></span> <span class='ocrx_word' id='word_1_178' title='bbox 1426 2474 1517 2500; x_wconf 86' lang='lat' dir='ltr'><strong>eum</strong></span> <span class='ocrx_word' id='word_1_179' title='bbox 1555 2461 1762 2514; x_wconf 85' lang='lat' dir='ltr'><strong>republica</strong></span> 
     </span>
     <span class='ocr_line' id='line_1_30' title="bbox 445 2514 1764 2569; baseline 0.001 -14"><span class='ocrx_word' id='word_1_180' title='bbox 445 2514 642 2563; x_wconf 87' lang='lat' dir='ltr'><strong>floruisse,</strong></span> <span class='ocrx_word' id='word_1_181' title='bbox 681 2528 865 2569; x_wconf 88' lang='lat' dir='ltr'><strong>opusque</strong></span> <span class='ocrx_word' id='word_1_182' title='bbox 904 2514 1156 2556; x_wconf 69' lang='lat' dir='ltr'><strong>condidisset</strong></span> <span class='ocrx_word' id='word_1_183' title='bbox 1196 2529 1234 2557; x_wconf 90' lang='lat' dir='ltr'><strong>v.</strong></span> <span class='ocrx_word' id='word_1_184' title='bbox 1264 2528 1296 2555; x_wconf 92' lang='lat' dir='ltr'><strong>c.</strong></span> <span class='ocrx_word' id='word_1_185' title='bbox 1334 2514 1518 2569; x_wconf 75' lang='lat' dir='ltr'><strong>releyati,</strong></span> <span class='ocrx_word' id='word_1_186' title='bbox 1559 2516 1627 2569; x_wconf 90' lang='lat' dir='ltr'><strong>qui</strong></span> <span class='ocrx_word' id='word_1_187' title='bbox 1670 2517 1764 2561; x_wconf 87' lang='lat' dir='ltr'><strong>sint,</strong></span> 
     </span>
     <span class='ocr_line' id='line_1_31' title="bbox 447 2570 1764 2625; baseline -0.001 -14"><span class='ocrx_word' id='word_1_188' title='bbox 447 2571 666 2625; x_wconf 82' lang='lat' dir='ltr'><strong>explicans,</strong></span> <span class='ocrx_word' id='word_1_189' title='bbox 702 2571 931 2612; x_wconf 88' lang='lat' dir='ltr'><strong>definitione</strong></span> <span class='ocrx_word' id='word_1_190' title='bbox 959 2570 1112 2611; x_wconf 87' lang='lat' dir='ltr'><strong>liberae</strong></span> <span class='ocrx_word' id='word_1_191' title='bbox 1140 2570 1384 2624; x_wconf 87' lang='lat' dir='ltr'><strong>reipublicae</strong></span> <span class='ocrx_word' id='word_1_192' title='bbox 1421 2575 1604 2625; x_wconf 82' lang='lat' dir='ltr'><strong>tempora</strong></span> <span class='ocrx_word' id='word_1_193' title='bbox 1639 2571 1764 2624; x_wconf 83' lang='lat' dir='ltr'><strong>respi-</strong></span> 
     </span>
     <span class='ocr_line' id='line_1_32' title="bbox 447 2625 1766 2679; baseline 0.001 -13"><span class='ocrx_word' id='word_1_194' title='bbox 447 2627 515 2673; x_wconf 87' lang='lat' dir='ltr'><strong>cit,</strong></span> <span class='ocrx_word' id='word_1_195' title='bbox 544 2639 666 2679; x_wconf 90' lang='lat' dir='ltr'><strong>quum</strong></span> <span class='ocrx_word' id='word_1_196' title='bbox 693 2626 816 2667; x_wconf 86' lang='lat' dir='ltr'><strong>latius</strong></span> <span class='ocrx_word' id='word_1_197' title='bbox 845 2640 930 2667; x_wconf 89' lang='lat' dir='ltr'><strong>rem</strong></span> <span class='ocrx_word' id='word_1_198' title='bbox 958 2626 1298 2679; x_wconf 85' lang='lat' dir='ltr'><strong>interpretaturus</strong></span> <span class='ocrx_word' id='word_1_199' title='bbox 1328 2625 1488 2675; x_wconf 86' lang='lat' dir='ltr'><strong>suisset,</strong></span> <span class='ocrx_word' id='word_1_200' title='bbox 1521 2627 1558 2668; x_wconf 88' lang='lat' dir='ltr'><strong>si</strong></span> <span class='ocrx_word' id='word_1_201' title='bbox 1579 2625 1766 2668; x_wconf 87' lang='lat' dir='ltr'><strong>Ovidium</strong></span> 
     </span>
     <span class='ocr_line' id='line_1_33' title="bbox 445 2680 1353 2737; baseline 0.002 -14"><span class='ocrx_word' id='word_1_202' title='bbox 445 2682 657 2736; x_wconf 85' lang='lat' dir='ltr'><strong>aequalem</strong></span> <span class='ocrx_word' id='word_1_203' title='bbox 684 2681 911 2724; x_wconf 86' lang='lat' dir='ltr'><strong>habuisset.</strong></span> <span class='ocrx_word' id='word_1_204' title='bbox 937 2681 998 2724; x_wconf 79' lang='lat' dir='ltr'><strong>Cf.</strong></span> <span class='ocrx_word' id='word_1_205' title='bbox 1027 2680 1186 2724; x_wconf 87' lang='lat' dir='ltr'><strong>Heimb.</strong></span> <span class='ocrx_word' id='word_1_206' title='bbox 1216 2697 1257 2737; x_wconf 92' lang='lat' dir='ltr'><strong>p.</strong></span> <span class='ocrx_word' id='word_1_207' title='bbox 1286 2681 1353 2725; x_wconf 84' lang='lat'><strong>21.</strong></span> 
     </span>
    </p>
   </div>
  </div>
 </body>
</html>
