1961 3338
398 391 530 436 supra
557 383 834 426 narravimus
865 381 913 436 ¹).
949 382 1093 426 Causa
1109 381 1242 425 illius
1269 381 1421 425 exsilii
1458 380 1712 425 tribunicius
1744 381 1828 426 Su·-

396 452 562 496 turnini
589 453 714 497 furor
739 455 834 507 fuit,
862 453 936 509 qui
960 457 1185 509 postquam
1211 453 1437 509 perversis
1474 452 1671 496 consiliis
1708 454 1829 497 clan-

397 525 665 582 destinisque
691 524 1079 572 machinationibus
1107 525 1161 568 de
1190 529 1310 568 statu
1345 526 1546 569 fortunae
1583 525 1723 570 virm:
1759 525 1827 569 iu'-

396 599 671 651 tegerrimum
707 597 939 639 deturbare
975 593 1272 650 constituerat,
1307 596 1454 652 populi
1487 596 1825 640 benivolentiam

397 668 691 710 instaurandis
728 667 1019 712 Gracchorum
1057 669 1230 724 legibus
1278 669 1482 724 aucupari
1525 668 1825 711 meditabatur.

398 741 507 782 Huic
534 739 740 781 seditioso
776 739 865 782 civi
902 741 951 791 Q.
989 740 1150 795 Caepio
1178 753 1226 782 se
1255 741 1465 794 opposuit,
1500 740 1825 782 firmentariam

397 812 537 866 legem
564 811 750 867 roganti,
767 810 843 854 sed
870 811 964 868 ipse
993 814 1218 855 accusatus
1244 808 1485 866 majestatis
1513 810 1560 855 in
1582 809 1744 867 judicio
1776 824 1825 855 se

398 883 603 924 defendit.
633 886 683 925 ln
712 896 793 938 quo
823 884 943 925 vitae
970 883 1165 938 periculo
1183 883 1542 925 verisimillimum
1559 887 1637 937 est,
1655 882 1826 925 Aelim

395 954 608 998 Stilonem
634 958 809 1011 praesto
851 955 892 998 ei
928 954 1064 999 fuisse
1105 968 1156 998 ac
1194 954 1420 1010 scripsisse
1454 955 1705 1009 orationem,
1742 967 1830 1011 qua

395 1039 474 1081 pro
504 1040 551 1069 se
580 1030 789 1069 uteretur.
843 1029 950 1083 Nam
986 1040 1110 1082 quum
1144 1028 1322 1069 faveret
1354 1026 1627 1081 optimatibus
1661 1027 1828 1078 Aelius,

398 1099 625 1155 exsulique
653 1099 836 1142 Metello
865 1098 1117 1165 socityffe
1138 1098 1403 1154 adjungeret,
1438 1099 1536 1142 fieri
1577 1099 1657 1142 vix
1691 1100 1826 1141 aliter

394 1172 597 1224 potuerit,
617 1172 718 1226 quin
738 1171 1005 1226 Caepionem,
1025 1172 1097 1227 qui
1126 1172 1338 1214 adversus
1364 1171 1534 1227 patriae
1550 1168 1719 1216 hostem
1735 1169 1827 1211 for·

394 1242 560 1284 tissime
589 1243 795 1296 stetisset,
824 1244 990 1286 auxilio
1020 1256 1097 1286 suo
1126 1248 1172 1286 et
1196 1257 1334 1299 opera
1361 1247 1642 1295 sustentaret,
1670 1243 1825 1286 Satur—

394 1313 541 1355 ninum
569 1326 689 1366 vero,
709 1313 782 1369 qui
811 1316 994 1357 salutem
1020 1315 1190 1369 patriae
1217 1315 1430 1370 perditam
1457 1314 1706 1370 cupivisset,
1723 1313 1822 1356 odio

390 1384 573 1427 haberet
590 1387 784 1441 omnique
806 1387 946 1428 studio
966 1390 1311 1442 persequeretur.
1331 1385 1518 1440 Scripsit
1542 1389 1693 1438 autem,
1709 1389 1823 1427 teste

395 1456 617 1510 Cicerone,
646 1457 854 1512 Caepioni
881 1458 1132 1511 orationem,
1169 1471 1293 1513 quum
1320 1457 1393 1500 hic
1423 1471 1451 1500 a
1476 1457 1654 1500 Betucio
1681 1457 1823 1499 Burro

396 1532 514 1570 esset
541 1532 765 1571 accusatus
794 1528 852 1583 2);
892 1542 1000 1585 quae
1028 1533 1171 1572 tamen
1200 1529 1417 1572 accusatio
1451 1541 1550 1571 num
1583 1527 1824 1583 majestatis

395 1601 540 1653 fuerit,
578 1605 706 1656 atque
744 1614 771 1644 a
811 1614 953 1656 causa,
992 1614 1115 1657 quam
1142 1601 1478 1654 memoravimus,
1512 1599 1627 1643 haud
1665 1601 1831 1652 aliena,

395 1684 481 1714 non
510 1677 689 1715 constat.
1478 1672 1481 1677 '

479 1745 598 1786 Haec
627 1749 726 1786 sunt
754 1748 1016 1799 argumenta,
1045 1745 1198 1799 quibus
1226 1744 1481 1786 sententiam
1507 1748 1700 1786 nostram
1734 1744 1819 1785 niti

396 1826 449 1856 ac
476 1815 721 1858 confirmari
749 1820 954 1871 putamus.
991 1817 1153 1867 Quodsi
1175 1815 1264 1871 jam
1292 1816 1525 1872 quaeritur,
1554 1815 1719 1859 nihilne
1749 1816 1823 1859 ob-

388 1885 469 1940 jici
505 1888 653 1941 possit,
690 1901 772 1943 quo
810 1889 1053 1931 sententiae
1089 1890 1196 1931 fides
1232 1893 1432 1944 suspecta
1465 1890 1542 1931 fiat
1576 1893 1652 1932 aut
1694 1900 1823 1943 argu-

391 1963 628 2002 mentorum
655 1961 725 2002 vis
752 1961 980 2014 minuatur,
997 1961 1044 2003 in
1065 1961 1229 2016 triplici
1242 1966 1330 2003 'nos
1341 1965 1541 2004 versatos
1566 1961 1821 2004 difficultate

390 2044 476 2073 non
505 2032 748 2074 diffitemur.
777 2034 1056 2084 Quamobrem
1093 2033 1283 2075 dabimus
1321 2025 1505 2088 operam,
1542 2036 1590 2074 ut
1626 2031 1822 2087 singulas

391 2104 641 2159 singulatim
670 2106 985 2148 consideremus
1015 2119 1066 2148 ac
1095 2104 1385 2159 dijudicemus.
1431 2104 1493 2146 Ac
1521 2104 1698 2159 primum
1727 2104 1819 2160 qui-

389 2176 484 2218 dem
526 2177 678 2219 obesse
713 2178 836 2221 nobis
873 2178 1033 2220 Lucilii
1069 2187 1224 2226 ver-sus
1264 2178 1476 2230 videatur,
1513 2189 1634 2232 quem
1670 2181 1821 2219 auctor

394 2250 449 2291 ad
477 2251 739 2293 Herennium
765 2250 1068 2306 reprehendit:

553 2338 647 2379 Has
673 2352 739 2380 res
769 2338 829 2380 ad
857 2343 897 2380 te
925 2339 1118 2393 scriptas,
1150 2337 1270 2385 Luci,
1298 2337 1489 2384 misimus,
1516 2335 1611 2377 Aeli
1638 2336 1681 2390 ³).

387 2427 552 2469 Deinde
588 2428 739 2470 mirari
777 2429 872 2484 quis
910 2429 1059 2484 possit,
1097 2440 1229 2483 quare
1277 2427 1429 2471 Cicero
1469 2425 1702 2469 Rhetorica
1741 2439 1819 2468 sua

432 2574 469 2679 ἑὲ
494 2571 638 2668 ἓωῗὲ·
655 2585 762 2668 53‘1-

434 2683 468 2737 3)
500 2682 570 2723 ιν.
603 2682 665 2723 12.
