1961 3338
424 389 648 433 dialectici
675 390 892 445 εἷσαγωγὰς,
919 395 1017 444 tum,
1045 391 1146 446 quia
1172 392 1219 434 in
1246 391 1382 446 primo
1410 392 1492 447 περὶ
1516 389 1730 445 &Suspicor
1765 391 1854 434 (lis-

426 461 616 514 cendum,
654 476 761 518 quae
798 462 857 504 Μ.
893 463 1033 506 Varro
1070 463 1183 506 alias
1219 461 1421 519 profata,
1457 462 1570 507 alias
1615 461 1855 520 proloquia

425 535 632 589 appellat,
661 535 1006 578 commentarium
1033 535 1088 577 de
1114 523 1354 591 proloquiis
1383 537 1434 579 L.
1461 535 1587 588 Aelii,
1625 534 1740 578 docti
1776 534 1853 578 ho-

426 607 567 660 miniS,
597 608 669 663 qui
706 607 914 663 magister
949 607 1160 651 Varronis
1194 607 1291 663 fuit,
1328 608 1517 652 studiose
1557 608 1855 665 quaesivimus,

427 691 603 734 eumque
640 679 687 721 in
727 678 853 721 Pacis
890 678 1155 722 bibliotheca
1188 683 1407 733 repertum
1442 680 1636 734 leg-imus.
1692 678 1782 722 Sed
1807 679 1855 721 in

425 762 477 791 eo
506 749 616 793 nihil
644 748 885 802 edocenter,
913 762 1051 805 neque
1070 749 1444 802 adinstituendum
1466 751 1699 806 explanate
1718 749 1857 805 scrip-

423 825 511 863 tum
539 825 618 873 est,
644 821 885 877 fecisseque
915 822 1090 864 videtur
1118 835 1212 864 eum
1239 822 1398 864 librum
1425 822 1575 865 Aelius
1611 823 1678 865 sui
1713 822 1852 877 magis

422 892 688 945 admonendi,
725 905 850 948 quam
887 893 1070 935 aliorum
1116 893 1297 935 docendi
1333 893 1515 948 gratia.“
1570 895 1642 936 Ex
1668 895 1851 947 ratione,

422 976 507 1019 qua
523 963 695 1006 Gellius
724 964 777 1006 de
794 964 875 1006 hoc
895 965 1009 1007 libro
1034 964 1211 1019 judicat,
1234 965 1366 1007 facile
1387 966 1666 1021 assequimur,
1685 965 1853 1009 Aelium
1910 952 1918 957 ’

421 1037 602 1091 primum
629 1037 676 1079 in
703 1036 785 1080 hoc
814 1038 1068 1080 dialecticae
1089 1042 1339 1093 argumento
1360 1039 1622 1091 elaborasse,
1639 1043 1726 1080 tum
1747 1051 1854 1080 vero

422 1121 482 1150 ex
509 1109 578 1162 iis,
608 1121 716 1164 quae
747 1110 888 1152 addit:
917 1110 1143 1164 „Redimus
1171 1093 1306 1166 igitur
1335 1109 1583 1153 necessario
1624 1109 1680 1163 ad
1716 1109 1853 1153 Grae-

421 1194 495 1223 cos
522 1181 686 1224 libros“
721 1186 853 1235 patet,
889 1196 975 1224 non
1011 1184 1141 1225 valde
1180 1182 1403 1224 materiam
1443 1195 1536 1224 eam
1570 1181 1854 1237 posteriorum

418 1249 574 1295 studiis
601 1253 919 1309 frequentatam
948 1267 1058 1297 esse.
1087 1254 1288 1297 Ceterum
1315 1254 1427 1296 nihil
1454 1267 1632 1308 prorsus
1661 1254 1714 1296 de
1744 1266 1853 1295 com-

418 1325 631 1367 mentario
659 1324 741 1367 hoc
767 1325 950 1367 Aeliano
978 1326 1192 1379 proditum
1221 1331 1299 1377 est,
1327 1338 1465 1380 neque
1489 1327 1733 1380 fragmenta
1761 1324 1853 1379 ejus

419 1394 633 1438 rationem
679 1394 916 1438 declarant.
974 1397 1130 1450 Quare,
1167 1399 1307 1440 utrum
1344 1395 1576 1452 Chrysippi
1620 1399 1854 1445 διαλεκτικοῖς

418 1466 520 1522 ὅροις
553 1466 600 1519 ¹),
630 1481 686 1509 an
716 1468 819 1509 aliis
847 1468 1089 1510 Stoicorum
1117 1467 1244 1509 libris
1271 1467 1319 1509 in
1357 1480 1408 1508 eo
1446 1467 1709 1509 conficiendo
1749 1480 1851 1510 usus

417 1539 488 1593 sit,
517 1539 776 1595 ignoramus.

498 1612 906 1667 Etymoloyicorum
933 1613 1187 1667 fragmenta,
1213 1615 1391 1667 praeter
1420 1624 1484 1665 ea,
1503 1624 1611 1667 quae
1640 1612 1696 1654 ad
1724 1623 1850 1654 sacra

338 1679 345 1686 ‘
410 1684 645 1741 pertinent,
691 1684 783 1727 alia
822 1697 986 1741 quoque
1034 1684 1326 1734 inveniuntur,
1373 1697 1481 1739 quae
1530 1686 1606 1726 vel
1651 1685 1848 1726 obsoleta

412 1758 563 1820 verba,
592 1758 668 1798 vel
696 1757 857 1798 usitata
887 1760 1095 1811 spectant.
1148 1756 1338 1798 Difficile
1382 1759 1460 1808 est,
1497 1768 1550 1797 ea
1590 1755 1653 1797 sic
1690 1755 1843 1798 distin-

410 1839 560 1883 guere,
588 1830 636 1869 ut
664 1826 719 1870 ad
748 1826 873 1870 sedes
904 1840 1094 1881 quaeque
1124 1840 1224 1868 suas
1252 1832 1522 1868 revocentur.
1552 1828 1679 1868 Prius
1707 1840 1845 1881 genus

412 1911 559 1940 eorum
586 1898 700 1940 haud
729 1898 855 1940 dubie
884 1898 1075 1952 pertinet
1113 1898 1168 1939 ad
1204 1898 1603 1953 interpretationem
1639 1898 1846 1953 antiquis-

411 1971 614 2014 simorum
652 1969 918 2024 scriptorum,
966 1970 1060 2011 sive
1106 1956 1339 2024 poetarum,
1384 1972 1478 2012 sive
1523 1971 1843 2019 historicorum;

412 2042 633 2096 posterius
661 2043 852 2085 fortasse
881 2042 937 2082 ad
973 2054 1230 2083 communem
1264 2042 1421 2084 librum
1458 2041 1730 2085 referendum
1767 2045 1844 2096 est,

410 2128 493 2170 quo
523 2116 576 2157 de
606 2114 994 2169 significationibus
1024 2115 1254 2156 verborum
1282 2128 1362 2155 usu
1397 2119 1665 2168 receptorum
1695 2118 1844 2155 auctor

410 2187 573 2242 egerit:
612 2185 955 2242 quemadmodum
992 2184 1213 2229 Cornificii
1256 2184 1517 2242 Etymorum
1554 2184 1657 2228 libri
1691 2198 1843 2227 memo-

408 2263 564 2301 rantur
593 2257 644 2311 ²).

495 2331 689 2374 Tandem
718 2331 829 2385 apud
859 2330 1170 2373 Grammaticos
1195 2328 1230 2384 8)
1249 2328 1474 2371 invenitur
1493 2328 1607 2370 Aelii
1626 2330 1842 2371 sententia

405 2403 459 2446 de
486 2404 630 2455 rebua
659 2416 768 2457 quae
789 2403 844 2445 ad
862 2402 1191 2445 Grammaticam
1214 2405 1352 2443 artem
1368 2400 1600 2455 pertinent.
1638 2401 1839 2456 Suspica-

454 2540 488 2591 ¹‘)
517 2537 579 2581 Cf.
606 2537 725 2593 Diog.
755 2537 891 2582 Laert.
920 2538 1016 2582 Vll.
1044 2538 1111 2580 65.
1140 2538 1276 2592 ibique
1303 2535 1530 2591 Menagius.

446 2596 480 2646 ι)
509 2593 690 2636 Macrob.
719 2593 807 2636 Sat.
839 2597 871 2637 1.
900 2595 938 2636 9.
966 2595 1145 2648 saepius.

454 2649 487 2704 ⁸)
514 2648 577 2692 Cf.
605 2648 741 2706 Sosip.
771 2649 889 2694 Char.
923 2651 963 2692 in
992 2648 1183 2691 Putschii
1212 2645 1387 2692 Gramm.
1416 2646 1507 2693 Lat.
1536 2648 1673 2694 Aucti.
1703 2662 1743 2704 p.
1773 2649 1839 2695 64.

513 2707 556 2750 et
591 2705 682 2749 104.
