1961 3338
87 382 192 415 cere
230 355 402 418 didicit,
430 368 495 408 ut
542 362 950 423 Lysippns'copnt
991 362 1241 408 maderet
1279 362 1506 421 Myronis,

88 441 276 486 brachia
314 434 581 490 muudus,
598 440 765 493 pectus
790 435 1046 495 Polyda-ti,-
1072 435 1155 480 sed
1178 437 1326 479 euntia
1352 447 1504 480 coram

86 515 344 569 mmm
369 505 606 563 fac-'iontem
639 507 826 562 videbat,
860 512 1108 553 celerem
1140 517 1281 605 opera
1315 506 1386 550 vel
1417 518 1503 551 m

87 587 247 641 sponte
272 579 561 625 considerare
585 585 762 637 poterat
791 578 841 636 ¹).

167 656 240 698 Ex
266 651 348 696 hae
374 653 699 708 comparatione,
726 653 774 697 ni
799 654 946 708 fallor,
972 665 1064 696 eum
1090 651 1358 696 declamandi
1376 650 1504 704 ratio,

83 740 210 786 quam
233 724 435 781 probavit
461 724 614 769 docto'r
634 721 956 781 Herennianus,
992 729 1080 770 tum
1114 738 1234 779 vero,
1271 737 1395 781 quam
1432 723 1504 766 hic

87 803 362 854 spectamus,
377 798 531 840 electio
567 783 874 853 exemplorum,
906 799 1056 855 quibus
1090 812 1192 841 usus
1228 801 1306 857 est,
1346 797 1503 852 optime

83 868 360 923 intelligitur.
435 869 694 913 Gravior-um
730 881 964 924 causarum,
1000 881 1105 926 quas
1134 870 1282 925 optimi
1311 869 1505 925 egissent

83 945 292 993 oratores,
319 941 418 983 loca
442 942 489 983 in
516 954 617 983 suos
644 954 746 983 usus
775 945 820 983 et
847 941 902 983 ad
928 944 1090 982 certum
1115 941 1401 983 illustrandae
1429 952 1503 983 ⁴ar·-

83 1013 142 1056 tis
170 1012 394 1055 eonsilium
419 1012 485 1055 ita
511 1012 740 1066 convertit,
767 1015 817 1054 ut
843 1011 1066 1067 discipulis
1085 1011 1139 1054 ab
1165 1001 1301 1066 ipsius
1328 1012 1503 1067 ingenio

84 1069 293 1140 profecta,
320 1084 473 1139 quippe
502 1083 777 1126 artificiosius
806 1084 1041 1136 elaborata,
1068 1083 1331 1126 viderentur.
1357 1084 1506 1138 ltaque

82 1155 262 1216 propria
289 1155 496 1211 quaedam
529 1156 693 1199 fiebant
728 1155 1079 1206 declamationum
1116 1154 1282 1210 species
1311 1152 1362 1209 2),
1398 1167 1507 1210 quae

82 1227 321 1271 imitatione
372 1240 397 1269 e
434 1227 556 1269 veris
594 1226 735 1269 causis
773 1230 899 1270 erant
933 1239 1181 1282 expressae.
1238 1228 1535 1283 Quapropter-

82 1312 170 1341 non
194 1299 357 1352 mirum,
383 1311 465 1340 nec
492 1296 897 1353 reprehendendum,
916 1296 1041 1352 hujus
1068 1298 1243 1353 generis
1272 1298 1505 1341 imitatiun-

84 1371 194 1413 culis
221 1370 438 1413 abundare
458 1370 603 1413 libros
632 1370 688 1412 ad
715 1371 973 1412 Herennium
998 1370 1219 1412 Ellendtio
1246 1370 1365 1412 visos
1394 1383 1504 1412 esse.

85 1442 321 1486 Videndum
346 1446 502 1496 tamen,
529 1455 585 1484 ne
614 1445 735 1485 erret
760 1442 883 1496 idem,
923 1455 1046 1498 quum
1079 1442 1316 1517 particulas
1344 1442 1504 1485 oratio-

83 1527 182 1556 num
208 1513 450 1557 habitarum
476 1514 636 1568 passim
663 1514 814 1557 obvias
843 1514 1063 1557 existimet
1092 1513 1142 1568 ⁸).

165 1587 334 1640 Verum,
379 1589 427 1628 ut
466 1589 617 1642 quarto
655 1586 769 1629 libro
807 1589 959 1629 auctor
993 1586 1335 1642 disputationem
1367 1587 1502 1640 illam,

85 1671 168 1713 qua
196 1659 390 1701 Graecos
420 1659 591 1700 dicendi
625 1659 853 1713 magistros
892 1659 1042 1713 carpit,
1078 1659 1295 1713 praefixit,
1334 1660 1399 1702 ita
1433 1672 1503 1702 ca-

82 1730 265 1773 vendum
293 1730 477 1783 videtur,
506 1743 561 1772 ne
601 1728 692 1784 ejus
729 1729 1028 1786 disputationis
1066 1730 1262 1772 rationes
1299 1731 1355 1773 ad
1382 1744 1505 1786 supe-

82 1803 223 1844 riores
261 1803 398 1845 libros
426 1807 586 1845 temere
624 1804 875 1845 referamus.
930 1803 1105 1845 Diserte
1157 1802 1268 1845 enim
1323 1803 1503 1846 exordio

83 1874 225 1929 quarti
264 1874 388 1917 dicit:
418 1875 650 1928 „Quoniam
688 1875 735 1917 in
773 1873 855 1917 hoc
881 1874 997 1917 libto
1037 1874 1090 1916 de
1128 1874 1367 1916 elocutione
1404 1888 1503 1927 con-

86 1946 345 2000 scripsimus,
380 1951 431 1988 vet
474 1947 626 2001 quibus
660 1946 708 1988 in
732 1947 872 2005 rebus
918 1959 1022 2000 opus
1058 1946 1141 1988 fuit
1180 1947 1389 2001 exemplis
1425 1948 1502 2000 uti,

59 2016 62 2020 ’
83 2017 245 2060 nostris
272 2017 341 2060 usi
369 2030 523 2071 sumus,
549 2041 606 2049 —
630 2018 878 2061 necessario
905 2017 1144 2060 faciendum
1173 2021 1252 2071 est,
1280 2022 1328 2060 ut
1353 2019 1502 2074 paucis

84 2088 294 2130 rationem
307 2090 459 2130 ‘nostri
486 2089 658 2130 consilii
686 2089 868 2130 demus.“
905 2089 1078 2143 Pergit:
1107 2090 1418 2144 „compluribus
1447 2091 1501 2133 de

83 2159 223 2200 causis
249 2164 401 2215 putant
428 2163 640 2215 oportere,
669 2173 794 2216 quum
821 2160 907 2215 ipsi
932 2160 1245 2215 praeceperint,
1266 2174 1347 2217 quo
1375 2165 1501 2218 pacto

87 2233 284 2284 oporteat
328 2244 491 2290 ornare,
535 2232 830 2286 elocutionem,
866 2232 1194 2288 uniuscujusque
1234 2234 1410 2288 generis
1450 2234 1504 2276 ab

87 2305 259 2343 oratore
287 2308 361 2345 aut
388 2307 515 2359 poeta
539 2305 719 2358 probato
749 2305 955 2360 sumptum
983 2317 1144 2359 ponere
1167 2304 1505 2360 exemplum.“—-

87 2372 300 2414 Tandem:
329 2376 553 2431 „exempla
570 2376 716 2419 aliena
744 2376 784 2461 si
802 2376 1099 2431 posuissemus,
1114 2377 1272 2418 factum
1290 2381 1418 2430 esset,
1444 2382 1503 2430 ut,

117 2491 253 2545 ²)1v.
282 2493 320 2535 6.

66 2558 69 2560 ·
113 2550 152 2600 2)
179 2548 269 2589 Hoc
295 2552 451 2593 nomine
479 2567 553 2596 eas
580 2554 799 2609 appellavit
826 2553 1043 2597 Schutzius
1070 2554 1252 2599 Prooem.
1278 2570 1318 2611 p.
1349 2556 1414 2598 60.

115 2603 151 2658 ⁸)
178 2602 313 2701 {etet}
323 2605 422 2702 ¹hoc
459 2608 679 2651 cavendum
716 2610 895 2664 providit
926 2610 1144 2684 Westerm.
1181 2611 1261 2665 Op.
1290 2612 1314 2652 Ι.
1342 2624 1380 2664 p.
1412 2611 1503 2651 135.
