1961 3338
285 386 449 426 tantum
476 384 684 436 nitantur,
711 398 796 427 non
825 386 1072 427 referemus.
1090 398 1165 428 eos
1192 386 1238 429 in
1278 386 1530 441 scriptorum
1566 396 1717 427 nume--

283 466 397 505 rum;
426 467 566 510 neque
595 457 839 509 fragmenta
867 455 1008 507 etiam,
1046 467 1153 509 quae
1189 467 1241 497 eo
1277 456 1495 511 pertinere
1532 453 1716 497 videan-

200 547 205 553 κ
283 528 367 578 tur,
412 540 467 568 ne
506 528 607 582 quid
644 539 701 569 ex
741 526 922 569 arbitrio
973 527 1132 569 fecisse
1173 540 1430 582 accusemur,
1476 527 1709 582 separatim

283 597 467 638 edemus.

368 668 541 712 Certior
578 680 651 709 res
688 670 756 709 est
792 666 845 710 de
881 666 1109 711 duodecim
1147 666 1397 711 tabularum
1441 670 1706 723 interpreta-

281 741 418 783 tione.
488 740 738 782 Habuerunt
786 739 892 781 illae
929 740 1215 794 'antiquiores
1273 740 1551 795 interpreteS,
1596 738 1701 782 Sex.

281 809 450 851 Aelium
478 813 522 851 et
549 810 599 850 1..
616 809 810 862 Acilium,
831 810 983 864 quibus
1011 810 1169 851 tertius
1198 813 1342 852 aetate
1372 811 1539 853 accedit
1556 809 1707 851 Aelius

278 879 392 922 Stilo
425 878 473 931 ¹).
529 881 667 930 Quale
695 880 882 934 pretium
908 879 1034 933 hujus
1061 880 1414 934 interpretationi
1454 881 1513 923 sit
1548 880 1708 923 haben-

279 951 387 1003 dum,
415 965 501 993 non
528 952 634 994 licet
663 953 896 994 affirmare.
933 955 1051 1005 Nam,
1081 953 1191 1006 quod
1220 952 1373 995 Cicero
1403 954 1536 993 semel
1563 952 1708 994 Aelia-

275 1011 370 1062 nos*
385 1023 710 1064 commentarios
738 1024 901 1076 laudat,
930 1037 981 1064 eo
1009 1036 1095 1065 non
1122 1022 1316 1064 universi
1344 1022 1488 1076 operis
1516 1022 1708 1063 laudatio

277 1093 532 1147 continetur,
561 1095 639 1137 sed
666 1096 860 1138 refertur
889 1097 943 1138 ad
971 1097 1097 1138 unius
1117 1096 1318 1138 vocabuli
1338 1095 1707 1149 significationem,

276 1165 325 1207 in
354 1179 437 1221 qua
466 1180 590 1222 quum
628 1168 875 1222 superiores
912 1168 1174 1223 interpretes
1209 1168 1323 1223 lapsi
1361 1171 1518 1220 essent,
1558 1166 1706 1208 Aelius

277 1248 428 1278 verum
457 1237 640 1278 viderat.
671 1239 902 1279 Probabile
932 1243 1073 1279 tamen
1102 1243 1180 1290 est,
1209 1251 1288 1279 sua
1315 1251 1409 1279 eum
1437 1242 1578 1279 aetate
1608 1238 1706 1279 doc-

276 1307 374 1360 tius,
404 1321 481 1349 suo
510 1321 617 1350 vero
645 1309 821 1363 ingenio
850 1311 1067 1352 illustrius
1097 1310 1149 1350 de
1177 1310 1272 1350 illis
1299 1310 1472 1362 legibus
1501 1322 1706 1351 commen-

274 1382 408 1420 tatum
438 1392 546 1432 esse,
576 1381 770 1435 quamvis
800 1393 857 1423 ex
885 1393 1030 1437 opera,
1058 1393 1181 1435 quam
1217 1384 1369 1436 postea
1408 1379 1486 1422 alii
1523 1380 1705 1423 Romani

273 1449 535 1503 interpretes
566 1449 602 1503 2)
641 1452 793 1492 iisdem
822 1451 1090 1505 explicandis
1129 1455 1356 1503 navarunt,
1394 1451 1501 1492 satis
1535 1454 1696 1504 pateat,

273 1523 348 1562 aut
375 1520 658 1574 praeteriisse
690 1534 784 1563 eum
811 1522 951 1576 plura,
972 1525 1047 1563 aut
1067 1521 1238 1575 saepius
1254 1522 1301 1564 in
1325 1521 1556 1564 divinando
1575 1534 1705 1564 sensu

271 1591 582 1634 hallucinatum
611 1605 720 1634 esse.
1059 1640 1064 1660 x

357 1662 462 1705 Cum
504 1662 586 1704 hoc
633 1663 904 1718 antiquitatis
949 1662 1089 1704 studio
1133 1666 1355 1717 poetarum
1399 1663 1702 1718 interpretatio

274 1732 502 1787 conjuncta
529 1734 624 1776 fuit.
654 1734 734 1776 Hic
761 1735 991 1788 praecipue
1021 1734 1198 1776 criticae
1226 1735 1447 1776 facultatis
1475 1736 1572 1776 laus
1601 1734 1702 1776 emi-

271 1806 378 1857 nuit,
408 1806 561 1860 quippe
590 1805 636 1846 in
666 1806 811 1846 Plauti
838 1806 1004 1847 fabulis·
1029 1805 1325 1847 examinandis
1362 1809 1407 1848 et
1434 1806 1481 1848 in
1509 1805 1702 1847 ordinem

271 1877 524 1932 redigendis
552 1877 804 1932 palmariam
832 1890 1005 1932 operam
1033 1877 1181 1919 Aelius
1200 1878 1372 1919 videtur
1391 1891 1591 1920 navasse.
1612 1878 1702 1919 Ex-

264 1953 390 1989 stant
418 1949 480 1990 de-
501 1948 593 2001 ejus
622 1949 669 1990 in
696 1948 822 2001 hujus
849 1952 1002 2003 poetae
1032 1949 1192 2003 scripta
1218 1949 1385 2005 meritis
1414 1949 1579 1991 diserta
1596 1948 1701 1990 Gel-

268 2021 323 2063 lii
351 2022 608 2064 testimonia.
638 2021 817 2064 Penitus
845 2022 1027 2063 imbutus
1057 2025 1154 2062 erat
1174 2022 1319 2063 Plauti
1346 2022 1544 2072 lectione,
1567 2035 1700 2075 quam,

269 2095 383 2133 teste
412 2094 622 2145 Varrone,
650 2097 737 2134 tam
774 2093 943 2151 amabat
980 2096 1024 2134 et
1061 2092 1363 2145 admirabatur,
1392 2096 1439 2133 ut
1475 2090 1567 2145 ejus
1603 2105 1699 2133 sen-

267 2165 407 2206 tentia
434 2166 586 2207 Musae
617 2166 817 2207 Plautino
847 2178 1041 2206 sermone
1071 2166 1292 2206 locuturae
1320 2165 1517 2217 fuissent,
1546 2164 1585 2205 si
1613 2165 1697 2206 Lae

268 2236 360 2278 tine
388 2237 507 2291 loqui
536 2238 705 2279 vellent
736 2235 785 2291 ³).
840 2236 902 2278 Ac
941 2237 1113 2279 sincera
1141 2236 1308 2292 quidem
1335 2235 1443 2279 haec
1472 2236 1695 2279 admiratio

260 2310 363 2362 fuit,
393 2310 601 2364 siquidem
630 2310 895 2364 diligentiae,
935 2323 1018 2364 qua
1054 2310 1304 2363 exploravit
1340 2322 1434 2350 eum
1469 2313 1695 2362 auctorem,

269 2394 356 2424 non
383 2382 540 2435 nocuit,
570 2382 647 2424 sed
676 2382 791 2424 acuit
820 2395 912 2424 eam
941 2386 986 2423 et
1012 2382 1144 2424 rexit.
1173 2381 1319 2424 Plauti
1338 2381 1511 2424 fabulae
1531 2395 1582 2424 eo
1605 2381 1694 2436 jam

311 2562 340 2611 ¹)
373 2559 436 2601 Cf.
466 2559 673 2613 Suringar.
703 2559 781 2613 Op.
807 2560 833 2601 1.
862 2573 901 2613 p.
930 2558 997 2600 30.
1026 2572 1115 2611 sqq.
1143 2557 1210 2600 39.
1239 2572 1328 2612 sqq.

299 2616 336 2666 2)
370 2613 423 2656 V.
452 2628 487 2656 c.
514 2614 608 2657 Ser.
638 2614 859 2671 Sulpicius,
891 2614 1094 2657 Antistius
1120 2612 1273 2674 Labeo.
1302 2612 1363 2657 Cf.
1393 2613 1585 2670 Suringar
1614 2614 1640 2657 l.
1664 2613 1691 2655 l.

304 2670 338 2725 8)
370 2668 509 2719 Quint.
545 2669 599 2713 X.
635 2674 669 2715 1.
