1961 3338
854 223 1228 284 —·1o—-,

230 353 232 355 ’
295 332 666 392 θωπὼνρὶωῑ),
705 332 970 382 Demeter-us
986 336 1043 392 ²),
1076 335 1296 382 Bar-thius
1313 335 1374 392 ⁸),
1394 334 1655 382 Gronovius·
1671 332 1729 390 ⁴),

295 404 543 452 Proustt'us
572 407 627 463 ⁶),
656 406 926 455 Tiraboschi
953 406 1008 463 ⁶).
1170 434 1173 437 -

378 479 502 523 Hanc
538 471 680 524 autem
717 494 745 524 a
782 480 949 524 renatis
984 480 1090 524 inde
1129 480 1276 524 literis
1311 484 1359 525 et
1383 481 1498 526 omni
1525 479 1727 536 deinceps

294 554 487 608 tempore
521 565 679 608 magna
712 552 987 595 contentione
1029 552 1240 608 agitatam
1279 553 1574 611 quaestionem
1609 549 1727 596 Bm·-

291 635 499 677 mannus,
527 624 664 681 quoad
692 623 784 679 ejus
821 624 921 667 fieri
958 623 1110 680 potuit,
1149 624 1499 681 diligentissime*
1523 625 1726 681 explora-

292 695 360 738 vit
390 696 440 750 ⁷).
466 696 672 738 Breviter
700 697 940 738 sententias
970 697 1248 751 singulorum,
1289 697 1362 753 qui
1390 697 1556 752 aliquid
1584 710 1639 739 ea
1666 697 1718 739 de
1754 693 1765 704 '

290 779 342 810 re
369 767 661 822 prodiderim&
680 767 922 820 contraxit3
951 768 1021 811 cui
1049 768 1362 812 enumerationi
1391 767 1430 811 si
1459 768 1724 829 quorundam

289 839 404 882 haud
431 839 675 895 spernenda
700 840 907 883 memoria
934 840 1060 894 desit,
1089 840 1187 883 viro
1214 840 1262 882 in
1288 831 1414 883 tanta
1449 839 1725 894 supellectile

290 916 494 967 occupato
521 913 697 956 facilem
725 914 897 956 veniam
924 913 1084 957 damus.
1140 913 1299 957 Varias
1336 916 1477 956 autem
1505 912 1725 955 variorum

289 984 529 1028 sententias
565 998 653 1028 non
689 986 827 1028 solum
864 985 1074 1038 laudavit,
1114 984 1192 1027 sed
1228 982 1419 1028 adhibito
1450 983 1614 1038 judicio
1653 996 1724 1027 ac-

287 1060 437 1098 curate
473 1057 714 1112 perpendit,
753 1058 847 1112 ipse
886 1061 1029 1100 tamen
1064 1057 1176 1100 nihil
1215 1057 1379 1111 statuit,
1417 1057 1494 1099 sed
1533 1056 1724 1100 cohibuit

287 1128 584 1179 assensionem
591 1126 664 1183 ⁸).
713 1130 860 1185 Neque
894 1129 1033 1185 magis
1069 1129 1116 1172 in
1151 1128 1383 1177 divinando
1421 1131 1596 1171 auctore
1624 1140 1723 1209 pro-

284 1199 393 1241 fecit
418 1198 729 1254 Spaldinyius,
765 1200 812 1243 in
841 1213 893 1242 eo
929 1212 1037 1243 vero
1074 1200 1327 1254 laudandus,
1364 1201 1476 1256 quod
1511 1201 1559 1243 in
1596 1179 1723 1244 ador-

283 1270 430 1312 nanda
466 1270 857 1321 Quintilianearum
896 1270 1216 1312 Institutionum
1261 1270 1449 1313 editione
1488 1271 1589 1313 loca
1624 1284 1723 1313 con-
1744 1300 1747 1304 -

285 1344 490 1384 troversa
517 1341 756 1397 diligenter
792 1340 989 1392 attendit,
1027 1339 1178 1395 quibus
1215 1327 1377 1394 respici
1413 1344 1629 1383 auctorem
1666 1341 1721 1384 ad

281 1413 546 1455 Herennium
574 1413 683 1455 satis
710 1412 857 1454 multis
884 1424 1136 1466 persuasum
1163 1414 1272 1453 erat.
1329 1412 1401 1453 Ex
1428 1425 1575 1454 eorum
1602 1413 1719 1454 loco-

280 1496 376 1526 rum
404 1480 721 1540 comparatione
751 1483 1046 1525 demonstrare
1074 1485 1253 1524 conatus
1282 1486 1350 1524 est
1370 1481 1421 1537 ⁹),
1450 1483 1718 1534 Quintiliano

283 1556 451 1612 quidem
479 1555 797 1612 praeceptionis
835 1554 1140 1597 Herennianae
1176 1557 1394 1597 auctorem
1435 1555 1718 1599 certissimum

283 1629 423 1671 visum
461 1642 558 1672 esse
595 1627 870 1672 Cornificium
900 1626 1126 1681 juniorem,
1163 1625 1388 1669 Ciceronis
1422 1627 1471 1670 in
1506 1632 1719 1683 auguratu

281 1702 509 1755 collegam,
537 1713 661 1756 quem
685 1699 867 1741 Vossius
895 1697 1232 1752 significaverat.
1280 1695 1534 1752 Puryoldus
1564 1703 1717 1753 autem,

282 1774 356 1828 qui
383 1774 430 1815 in
458 1771 742 1826 comparando
769 1770 927 1813 incerti
956 1770 1147 1812 auctoris
1184 1770 1388 1824 opusculo
1426 1783 1519 1812 cum
1557 1770 1716 1814 Rheto-

279 1844 386 1887 ricis
416 1845 467 1886 de
496 1843 754 1886 Inventione
784 1845 986 1884 accurate
1015 1844 1217 1883 versatus
1258 1844 1337 1893 est,
1374 1839 1487 1884 nihil
1528 1842 1581 1885 de
1618 1843 1715 1897 ipso

282 1920 459 1959 auctore
488 1915 599 1957 certi
627 1915 846 1957 affirmare
875 1926 1005 1956 ausus
1035 1916 1104 1955 est
1134 1910 1201 1966 ¹⁰).

329 2043 361 2093 ²)
390 2040 603 2081 Onomast.
631 2037 727 2079 Vid.
754 2037 818 2079 Jo.
844 2036 1082 2078 Rainoldus.
1110 2034 1244 2077 Praei.
1258 2033 1358 2076 XX.
1387 2035 1440 2076 de
1467 2035 1582 2077 libris
1608 2036 1716 2091 Apo-

396 2095 564 2150 cryphis
592 2094 670 2135 vol.
698 2092 728 2134 1.
756 2107 797 2147 p.
830 2092 923 2133 166.

329 2153 364 2204 2)
393 2151 461 2192 Ad
487 2150 689 2191 Rosinum
716 2148 764 2189 ll.
794 2148 858 2188 16.
885 2161 926 2202 p.
944 2146 1048 2191 163.

325 2207 361 2314 ‘⁸⁸3
389 2203 827 2302 ῧξῖἷῐῗᾱξῃῖἰξᾉᾱ
854 2257 950 2299 Her.
980 2257 1020 2299 8.

327 2318 361 2370 ⁶)
390 2315 478 2357 luit.
505 2314 621 2356 Nott.
652 2314 705 2355 ad
732 2313 856 2355 Rhet.
885 2313 938 2353 ad
963 2312 1059 2353 Her.
1088 2310 1150 2352 cf.
1178 2309 1315 2351 Burm.
1343 2311 1369 2351 l.
1398 2311 1424 2351 1.
1452 2324 1491 2365 p.
1519 2311 1587 2352 42.

321 2374 357 2427 ⁰)
385 2372 536 2413 Stoi-ia.
565 2369 659 2410 Vol.
687 2368 735 2409 ΙΙ.
764 2383 803 2423 p.
833 2368 927 2409 246.
955 2368 1017 2409 Cf.
1046 2367 1310 2408 Heumannus
1345 2365 1495 2408 Sched.
1530 2366 1581 2409 de
1616 2366 1712 2408 libb.

387 2428 519 2469 Anon.
547 2428 591 2467 et
617 2424 821 2466 Pseudon.
849 2437 890 2478 p.
921 2423 1014 2467 149.
1048 2435 1139 2477 sqq.

323 2485 361 2591 23
388 2482 523 2577 3ξὲἓῇ
540 2480 694 2576 ¹i1edic.
721 2533 833 2575 Edit.
860 2531 1003 2574 Rhott.
1030 2545 1070 2587 p.
1099 2531 1137 2573 6.
1167 2536 1209 2574 et
1234 2531 1301 2573 36.

325 2594 359 2646 ⁹)
388 2591 457 2633 Ad
484 2590 581 2631 lust.
608 2588 722 2630 Orat.
752 2588 827 2629 lx.
855 2588 894 2629 3.

310 2650 359 2703 ¹⁰)
387 2647 514 2690 Obss.
542 2644 641 2687 Crit.
669 2646 710 2687 in
739 2642 866 2700 Soph.
893 2641 1031 2698 Eurip.
1062 2642 1145 2685 Cic.
1175 2641 1304 2685 Jenae
1325 2640 1442 2686 1802.
1472 2642 1532 2685 Cf.
1547 2640 1713 2685 Wetzel

387 2700 632 2758 1..„1p18.
