1961 3338
962 260 1288 308 -54-

415 377 460 420 Is
489 378 601 419 enim
628 390 811 421 summus
839 379 931 434 ipse
960 382 1120 431 orator,
1147 378 1400 434 minimeque
1435 379 1616 433 ineptum,
1644 380 1692 418 ut
1719 377 1835 419 affir-

413 451 502 489 mat
530 447 695 501 Cicero,
723 448 927 490 Aelianas
955 449 1078 489 leves
1106 448 1399 491 oratiunculas
1427 449 1567 491 voluit
1594 447 1835 501 existimari

415 531 538 571 suas;
569 532 744 575 quarum
772 533 857 561 una
883 523 1153 572 memoratur,
1180 520 1282 574 lege
1309 522 1445 564 Varia
1471 520 1699 575 inscripta‚=
1713 532 1836 574 quam

416 591 594 646 scripsit
630 591 780 633 Aelius
817 591 969 634 Cottae
1004 596 1161 646 rogatu
1192 590 1240 645 1).
1296 592 1397 636 Alia
1440 594 1542 636 item
1585 592 1837 643 nominatim,

416 674 540 717 quam
570 663 774 716 Caepioni
802 663 913 703 idem
942 667 1092 705 contra
1133 664 1184 705 T.
1219 664 1441 706 Betucium
1476 665 1657 706 Barrum
1694 663 1836 704 confe-

416 734 477 776 cit
507 733 556 787 2).
587 728 786 776 Ceterum
815 747 838 775 e
868 735 1117 789 cognomine
1146 733 1338 785 Stilone,
1366 739 1564 789 quantam
1593 747 1764 790 operam
1792 738 1837 775 et

416 804 683 857 diligentiam
730 804 776 845 in
820 803 902 845 hoc
938 805 1184 859 scriptionis
1235 817 1397 859 genere
1440 807 1643 861 posuerit,
1682 805 1835 861 optime

416 874 530 916 effici
556 878 710 929 potest.

498 1003 665 1057 Restat,
694 1007 741 1045 ut
770 1003 821 1047 de
851 1005 1025 1060 scriptis
1055 1018 1278 1060 eorumque
1308 1017 1468 1059 genere
1504 1009 1549 1046 et
1589 1007 1835 1059 argmenta

418 1073 619 1115 dicamus.
677 1074 876 1117 Suetonii
904 1076 1041 1118 verba
1071 1074 1127 1128 3);
1180 1073 1499 1118 Instruaeerunt
1532 1077 1841 1128 auxeruntque

417 1144 473 1188 ab
503 1149 619 1189 omni
645 1151 777 1201 parte
814 1146 1116 1190 Grammatica
1146 1144 1210 1189 L.
1238 1144 1397 1190 Aelius
1424 1151 1467 1189 et
1502 1145 1604 1188 Ser.
1636 1143 1838 1196 Clodius,

418 1230 507 1259 non
537 1220 673 1260 solum
704 1219 973 1275 disciplinam
1003 1218 1188 1272 scholae,
1217 1219 1293 1261 sed
1322 1219 1450 1260 etiam
1486 1217 1701 1261 scribendi
1741 1216 1839 1259 dili-

423 1291 615 1344 gentiam
646 1291 885 1333 declarant.
949 1293 1013 1332 De
1043 1291 1138 1334 Ser.
1168 1291 1338 1334 Claudii
1366 1291 1492 1340 libris
1520 1295 1607 1333 tum
1644 1290 1837 1344 Graecis,

413 1365 503 1403 tum
531 1361 715 1415 Latinis,
746 1375 875 1416 supra
913 1363 1107 1416 vidimus,
1142 1364 1360 1417 patuitque
1397 1363 1521 1404 nobis
1558 1376 1581 1404 e
1619 1362 1839 1405 Ciceronis

416 1434 627 1488 epistolis,
667 1438 826 1488 quanta
864 1434 905 1475 ei
946 1437 1062 1475 esset
1096 1434 1269 1475 illorum
1306 1433 1585 1489 exspectatio,
1620 1437 1840 1488 postquam

414 1505 582 1560 Papirii
621 1505 747 1547 Paeti
783 1506 1037 1547 rescivisset
1075 1507 1342 1547 donationem
1369 1504 1421 1559 ⁴).
1477 1506 1593 1548 Idem
1629 1506 1680 1547 de
1716 1506 1840 1547 Aelio

414 1579 601 1617 testatur
641 1577 794 1628 Varro,
832 1576 903 1630 qui
939 1576 985 1617 in
1021 1576 1089 1628 iis,
1127 1588 1234 1630 quae
1273 1579 1512 1630 supersunt,
1558 1575 1743 1629 scriptiS,
1778 1575 1841 1617 ita

418 1648 556 1689 utitur
594 1647 711 1690 Aelii
751 1648 1021 1700 auctoritate,
1059 1652 1106 1688 ut
1142 1661 1248 1702 quae
1290 1649 1343 1690 ab
1382 1662 1432 1690 eo
1469 1653 1657 1702 usurpat,
1684 1649 1839 1702 partim

417 1731 441 1760 e
480 1718 567 1760 viri
606 1719 791 1773 scriptis,
827 1719 984 1772 partim
1028 1731 1086 1760 ex
1122 1719 1351 1773 disciplina
1395 1718 1590 1761 hausisse
1627 1720 1839 1774 putandus

416 1789 487 1840 sit.
516 1789 757 1846 Aliquoties
787 1790 897 1832 enim
926 1790 1006 1832 hoc
1043 1791 1200 1832 utitur:
1247 1789 1417 1833 dicebat
1451 1787 1624 1843 Aelius,
1658 1790 1841 1847 putabat

421 1858 586 1904 Aelius
618 1861 669 1915 ⁵),
700 1863 777 1904 sed
806 1863 996 1916 saepius:
1026 1865 1106 1913 ait,
1133 1861 1291 1905 scribit
1318 1859 1476 1905 Aelius
1505 1862 1554 1917 ⁰).
1612 1865 1732 1915 Quod
1769 1878 1842 1907 au-

417 1936 505 1975 tem
528 1934 706 1988 egregie
726 1934 947 1975 emendato
976 1935 1071 1974 loco
1100 1933 1289 1975 inlibris
1310 1933 1361 1974 de
1379 1934 1561 1976 Oratore
1582 1933 1617 1987 ⁷)
1648 1932 1839 1977 Aeliana

416 2005 568 2047 studia
594 2009 895 2058 memorantur,
924 2005 1086 2046 referri
1113 2005 1194 2046 illa
1222 2005 1276 2045 ad
1311 2004 1478 2046 Aelium
1515 2006 1725 2047 Stilonem
1768 2006 1841 2047 de-

417 2077 535 2130 bere,
575 2077 663 2119 viri
701 2077 816 2119 docti
853 2077 1057 2131 suspicati
1095 2080 1205 2118 sunt.
1261 2077 1406 2131 Neque
1435 2077 1655 2119 immerito.
1701 2079 1842 2130 ‚,Nam‚

418 2149 515 2191 sive
537 2149 693 2204 quem“‚
723 2150 786 2191 ait
804 2149 998 2201 CrassuS,
1018 2149 1226 2201 „Aeliana
1253 2148 1394 2189 studia
1417 2148 1644 2203 delectant,
1662 2150 1843 2204 plurima

393 2314 399 2322 τ
463 2298 498 2377 Ξ)
528 2294 777 2391 ἷίοὶλΒιΞιὲο.
809 2295 875 2337 56.

466 2353 501 2459 33
527 2406 576 2448 L.
605 2406 631 2448 l.
662 2406 699 2448 2.

460 2460 499 2512 ⁴)
528 2461 576 2501 P.
605 2462 674 2503 46.

466 2519 500 2570 ⁵)
529 2517 592 2557 De
622 2516 677 2559 R.
706 2516 760 2558 R.
789 2520 864 2559 ΙΙΙ.
898 2515 959 2559 12.
988 2515 1053 2556 De
1080 2516 1129 2559 L.
1156 2516 1204 2559 L.
1233 2516 1287 2559 V.
1317 2516 1383 2558 66.
1417 2515 1505 2560 101.
1534 2517 1605 2558 Vl.
1636 2517 1674 2560 7.

464 2572 496 2625 ⁶)
526 2572 589 2613 De
617 2572 666 2614 L.
693 2572 741 2614 L.
771 2572 823 2614 V.
857 2572 918 2616 18.
949 2572 1012 2615 21.
1043 2571 1198 2614 Gellius
1225 2576 1257 2615 Ι.
1290 2573 1352 2616 18.

468 2630 504 2682 ⁷)
535 2631 568 2671 Ι.
596 2628 662 2670 43.
691 2627 884 2682 Madvigii
914 2628 1155 2681 conjectura.
1191 2628 1287 2672 vid.
1325 2627 1448 2672 orell.
1485 2628 1627 2671 Onom.
1666 2627 1768 2669 Tull.
1807 2641 1847 2682 p.

539 2684 602 2728 10.
632 2698 669 2726 v,
697 2683 871 2724 Aeliana
899 2684 1048 2724 studia.
