1961 3338
964 291 1292 343 „90-

421 412 575 454 toricis
605 412 657 454 de
689 413 942 455 Inventione
972 412 1195 454 vocabulis
1223 413 1321 454 istis
1349 407 1435 455 non
1452 406 1563 454 ‘usus
1594 404 1668 464 sit,
1703 404 1845 454 tamen

426 484 473 526 in
496 484 613 527 =aliis
654 485 853 540 operibus
890 483 1069 526 subinde
1113 470 1347 539 usurpavit
1382 485 1651 531 novissima-³
1679 481 1728 537 ¹).
1758 476 1844 528 *ne

421 556 549 599 Aelio
584 569 691 598 vero
721 555 1002 598 certissimum
1029 555 1214 609 videtur,
1231 556 1429 611 quoniam
1456 556 1501 599 id
1522 557 1675 609 Varro,
1694 555 1766 610 qui
1791 554 1845 596 il-

417 629 509 671 lum
533 630 746 671 doctorem
773 628 821 670 in
847 626 991 670 literis
1019 622 1181 682 habuit,
1205 632 1403 671 testaturss
1431 630 1579 684 ltaque
1606 627 1653 670 in
1680 628 1845 669 Heren-

419 702 550 743 niano
572 713 700 755 opere
722 711 835 741 nove
856 700 1022 754 quidem
1050 701 1183 742 semel
1211 704 1457 756 usurpatum
1483 700 1674 743 videmus
1691 697 1742 753 ²),
1766 711 1844 741 no-

422 775 635 816 vissimus
663 785 769 815 vero
799 777 843 815 et
869 775 1108 816 novissime
1137 774 1304 815 frustra
1332 768 1573 829 quaerimus
1592 772 1640 828 3),
1668 784 1845 828 quorum

415 847 510 888 loco
547 849 805 897 extremum,
842 849 1114 901 postremum
1139 843 1197 899 ¹⁸),
1255 857 1432 898 recens,
1478 847 1776 902 nuperrimam
1806 844 1843 899 ⁵)

421 918 672 971 saepissime
702 922 943 959 occurrunt.

500 1006 661 1047 Auctor
702 1006 757 1048 ad
795 1006 1058 1048 Herennium
1092 1018 1179 1047 non
1217 1006 1351 1047 solum
1399 1006 1627 1048 scribendo
1674 1005 1843 1047 dicendi

417 1081 555 1119 artem
596 1078 800 1131 excoluit,
841 1077 918 1119 sed
954 1078 1001 1119 in
1029 1075 1325 1131 philosophiae
1356 1076 1497 1118 studio
1537 1076 1707 1119 assidue
1744 1089 1842 1119 ver-

418 1150 610 1192 sabatur.
640 1151 715 1202 „ld
742 1149 904 1204 ipsum“
933 1150 995 1191 ait
1023 1149 1158 1203 „quod
1188 1162 1215 1191 a
1239 1148 1426 1204 negotiis
1454 1148 1740 1191 familiaribus
1766 1149 1845 1190 otii

415 1221 554 1273 datur,
571 1221 776 1263 libentius
804 1221 850 1262 in
877 1220 1153 1275 philosophia
1180 1232 1427 1263 consumere
1457 1216 1776 1263 consuevimus“
1789 1218 1841 1274 ὁ).

422 1294 514 1334 Hoc
544 1293 727 1334 studium
751 1292 946 1347 pluribus
975 1293 1096 1346 locis,
1124 1293 1354 1348 praecipue
1385 1294 1595 1335 electione
1627 1294 1842 1348 exemplo-

413 1377 506 1405 rum
547 1364 917 1416 animadvertitur,
955 1377 978 1405 e
1017 1376 1192 1420 quorum
1230 1370 1391 1418 genere
1432 1368 1477 1405 et
1515 1363 1684 1406 ratione
1720 1368 1840 1406 recte

414 1435 712 1478 Fuhrmannus
742 1435 895 1477 statuit
926 1433 974 1488 ⁷),
1003 1430 1176 1478 Stoicae
1205 1436 1415 1477 formulae
1436 1426 1657 1478 ‘addictum
1696 1440 1840 1478 aucto-

411 1520 504 1549 rem
531 1508 679 1549 fuisse.
708 1508 824 1549 Idem
853 1508 1069 1548 conclusio
1098 1508 1242 1563 operis
1270 1507 1452 1549 indicat:
1480 1499 1611 1561 „Nam
1640 1512 1684 1549 et
1713 1509 1839 1550 simul

406 1579 598 1621 libenter
627 1592 879 1633 exercemur
906 1584 1083 1634 propter
1112 1579 1352 1632 amicitiam,
1390 1579 1509 1638 cujus
1546 1579 1712 1621 initium
1740 1593 1838 1634 cog-

407 1652 527 1692 natio
555 1651 673 1703 fecit,
703 1655 850 1693 cetera
876 1649 1173 1706 philosophiae
1193 1652 1305 1694 ratio
1326 1640 1614 1693 confirmavit:
1644 1655 1688 1693 ct
1713 1652 1838 1694 nobis

412 1735 501 1764 non
529 1723 770 1776 diffidimuS,
799 1727 1032 1777 propterea
1060 1723 1172 1779 quod
1201 1728 1245 1765 et
1283 1724 1593 1779 aliquantulum
1628 1724 1839 1778 processi-

403 1807 508 1847 mus,
539 1798 584 1835 et
612 1794 702 1835 alia
729 1795 911 1836 meliora
940 1799 1049 1847 sunt,
1088 1807 1194 1850 quae
1233 1796 1366 1837 multo
1400 1795 1606 1837 intentius
1650 1795 1833 1850 petimus

407 1867 453 1908 in
483 1866 588 1918 vita,
616 1870 665 1907 ut
693 1866 861 1908 etiamsi
888 1879 975 1908 non
1001 1868 1325 1921 pervenerimus
1353 1868 1400 1910 in
1428 1868 1619 1921 dicendo,
1649 1881 1730 1922 quo
1759 1882 1834 1910 vo-

406 1940 557 1991 lumus,
586 1950 726 1993 parva
752 1942 856 1993 pars
885 1938 1002 1981 vitae
1031 1939 1369 1994 perfectissimae
1399 1939 1704 1983 desideretur.“
1744 1940 1831 1983 Hu-

401 2010 473 2064 jus
502 2011 634 2053 studii
662 2011 895 2052 similitudo
924 2012 970 2053 in
1006 2011 1130 2052 Aelio
1166 2013 1395 2053 manifesta
1431 2017 1510 2053 est.
1565 2013 1682 2054 Dicit
1718 2014 1829 2055 enim

411 2083 463 2124 «le
493 2096 544 2124 eo
574 2081 740 2135 Cicero,
767 2082 958 2126 Stoicum
987 2096 1083 2125 esse
1114 2084 1316 2137 voluisse,
1354 2088 1480 2140 atque
1519 2097 1576 2126 ex
1605 2085 1833 2129 dialectica

448 2275 481 2324 ¹)
511 2273 634 2314 Vidd.
669 2272 764 2313 loca
793 2285 857 2326 ap.
885 2270 1042 2312 Schott.
1071 2269 1177 2311 Noti.
1205 2269 1331 2311 Cicer.
1360 2268 1428 2317 ΙΙΙ.
1458 2268 1520 2309 17.
1549 2281 1588 2322 p.
1617 2268 1712 2310 365.

446 2331 482 2380 ²)
514 2329 543 2369 1.
578 2329 617 2368 9.
646 2327 742 2368 Vid.
772 2327 969 2368 Graevius
1001 2340 1066 2381 ap.
1093 2326 1230 2366 Burm.
1259 2325 1311 2366 ad
1337 2325 1377 2366 h.
1405 2324 1431 2365 l.

446 2385 479 2438 ³)
509 2383 679 2425 Fallitur
707 2397 805 2424 sane
842 2381 1122 2428 Becichemus,
1159 2380 1266 2435 apud
1304 2383 1508 2421 auctorem
1544 2379 1596 2420 ad
1630 2379 1727 2424 Her.
1764 2394 1830 2420 vo-

511 2453 599 2480 cem
626 2440 865 2479 nom'ssimus
893 2439 971 2479 sibi
1000 2438 1203 2478 invenisse
1232 2437 1357 2477 visus.
1394 2434 1489 2476 vid.
1516 2434 1703 2476 Burman.
1732 2434 1828 2477 Pro-

512 2510 614 2536 oem.
645 2509 686 2549 p.
716 2495 782 2535 27.

443 2549 536 2656 331¹.
566 2551 601 2644 ἑὲ
632 2550 812 2646 11'111‘103
834 2549 907 2646 2222.
934 2547 1000 2644 {¹5¹⁷
1033 2548 1097 2645 {32
1128 2547 1190 2588 12.
1222 2547 1290 2588 22.
1319 2545 1391 2587 lV.
1425 2546 1487 2588 13.
1518 2546 1584 2588 27.
1616 2546 1680 2589 38.

445 2663 481 2771 (⁷³3
508 2661 665 2758 halndb.
697 2717 732 2757 d.
762 2716 888 2758 klass.
916 2715 997 2757 Alt.
1028 2714 1075 2756 11.
1105 2730 1142 2769 p.
1173 2715 1235 2756 90.
