1961 3338
198 404 279 447 hoc
317 401 527 445 vocabulo
554 391 741 444 Sabinae
779 370 961 457 originis
996 400 1159 455 Heuop.
1194 400 1258 444 De
1294 400 1400 455 ling.
1427 399 1508 445 Sa-

197 476 299 520 bina
324 487 365 528 p.
392 475 460 515 24.

611 639 977 705 FRAGMENTA.

782 740 814 780 l.

93 807 297 856 VARRO
322 809 376 852 de
402 807 457 851 L.
484 808 539 852 L.
574 808 675 853 Vll.
703 814 770 852 66.
799 807 930 852 Mau.

168 881 255 957 δὶς
282 878 709 941 Claudias-‚smbitx

306 970 518 1011 Axitiosas
545 971 819 1011 demonstran·
843 969 1247 1022 eonsupplieatrices.
1266 977 1268 979 '

87 1057 158 1105 Ab
196 1060 361 1116 ayendo
399 1055 777 1110 AXITIOSA&
813 1063 864 1103 at
898 1057 955 1103 ab
990 1071 1082 1103 una
1116 1057 1328 1114 faciundo
1365 1057 1507 1106 FAC-

99 1128 344 1183 TIOSAE,
371 1133 442 1174 sic
471 1129 526 1173 ab
566 1142 657 1173 una
695 1130 861 1187 agendo
898 1127 1215 1175 ACTIOSAE
1257 1129 1324 1184 (et
1370 1128 1511 1175 ΑΧΙ-

89 1200 341 1258 TIOSAE)
370 1203 528 1247 dietae.

195 1276 361 1331 Magna
387 1275 435 1318 in
460 1274 530 1317 his
558 1274 759 1317 lectionis
788 1274 995 1320 varietas.
1025 1274 1090 1318 cf.
1118 1274 1323 1330 Spengel.
1350 1289 1391 1330 p.
1418 1278 1514 1318 348.

195 1350 291 1390 Non
318 1348 464 1390 dubito
487 1347 588 1401 quin
606 1347 798 1389 Plautini
816 1360 970 1389 versus
993 1347 1051 1389 sit
1073 1347 1390 1402 interpretatio.
1418 1349 1513 1390 Duo

198 1420 310 1462 enim
337 1419 578 1462 versiculos
607 1431 665 1460 ex
694 1417 786 1473 ejus
813 1414 1016 1460 Astraba
1044 1421 1089 1460 et
1114 1415 1392 1473 Sitellitergo
1420 1419 1514 1461 lau-

198 1491 382 1533 daverat
407 1492 561 1533 Varro.
606 1491 762 1532 Festus
791 1503 833 1531 v.
861 1488 1064 1532 Amitiosi
1093 1490 1253 1532 similia
1278 1490 1421 1532 habet.

768 1579 822 1620 11.

94 1646 300 1696 VARRO
326 1650 382 1694 de
408 1648 463 1693 L.
491 1648 546 1694 L.
580 1647 682 1694 VII.
712 1654 778 1692 το.

173 1720 394 1766 Claudius
421 1721 604 1766 scribit:
642 1734 757 1780 qaae
789 1718 1113 1778 praeficeretur
1149 1720 1332 1765 ancillis
1368 1734 1512 1777 quem-

92 1793 320 1836 admodum
346 1792 714 1845 lamentarentur,
746 1789 1063 1835 PR-AEFIGA
1090 1797 1160 1835 est
1185 1793 1319 1835 diota.

195 1865 262 1907 Ad
289 1866 433 1908 Plauti
462 1878 633 1924 versum
663 1879 686 1907 e
718 1863 995 1907 Truculento
1022 1864 1131 1911 haec
1169 1866 1307 1907 verba
1346 1865 1517 1908 Claudii

197 1936 430 1979 referenda
447 1940 558 1979 sunt.
587 1938 895 1980 Praecesserat
914 1936 1084 1979 Aurelii
1111 1937 1412 1992 interpretatio
1441 1950 1518 1979 vo-

199 2009 343 2052 cabuli
368 2007 582 2064 praefica.
639 2009 703 2053 cf.
732 2011 888 2052 Festus
917 2022 959 2051 v.
997 2006 1225 2062 Praefiea,
1255 2009 1401 2064 ibique
1429 2010 1516 2052 Da-

200 2081 354 2123 oerius.

762 2152 837 2193 111.

97 2219 304 2266 VARRO
329 2223 384 2267 de
409 2221 464 2266 L.
493 2221 548 2266 L.
582 2221 682 2267 Vll.
713 2227 805 2266 106.

174 2291 395 2338 Claudius
421 2293 582 2338 scribit
607 2291 934 2338 DELIGUUM
960 2306 1063 2338 esse
1090 2293 1147 2338 ab
1175 2294 1386 2352 eliquato.

200 2366 280 2407 Hic
306 2368 474 2421 pariter
500 2367 703 2409 Aurelius
733 2372 778 2409 et
805 2367 1010 2411 Claudius
1033 2366 1283 2423 jungtmtur.
1311 2368 1519 2410 Refertur

200 2436 485 2492 fragmentum
513 2439 568 2481 ad
598 2436 812 2483 Casinam
848 2440 1005 2492 Plauti,
1045 2453 1068 2481 e
1098 2452 1181 2495 qua
1207 2440 1348 2482 Varro
1376 2440 1517 2481 versi-

201 2510 320 2550 culos
347 2511 615 2553 laudaverat.
643 2513 800 2553 Festus
828 2525 869 2553 ν.
897 2510 1156 2566 Reliquum.-
1183 2512 1296 2566 apud
1323 2513 1518 2555 Plautum

205 2579 421 2633 significat
448 2584 605 2641 minas.
