1961 3338
359 348 450 392 Sed
486 348 614 404 hujus
650 350 936 405 gravissimae
974 349 1274 403 contentionis,
1312 360 1420 405 quae
1454 347 1593 401 magis
1628 345 1704 389 ad-
1782 393 1790 401 ,

278 420 587 475 versariorum,
624 434 747 478 quam
785 430 894 464 vera
928 419 1224 477 quaerentium
1266 420 1361 475 fuit,
1398 431 1535 476 neque
1570 418 1704 463 ullam

276 493 455 534 criticae
484 492 739 547 diligentiae
766 492 935 533 laudem
960 491 1122 544 habuit,
1158 493 1327 546 qualem
1362 504 1533 535 causam
1565 489 1703 532 fuisse
1763 486 1765 489 ’

283 564 505 608 dicamus?
552 567 647 609 Non
683 565 877 620 profecto
913 564 1025 607 latet
1059 563 1106 607 in
1141 563 1287 619 operis
1324 563 1592 610 Herenniani
1625 573 1704 605 ex-

275 637 496 678 cellentia.
536 636 756 678 Manutius
776 636 953 691 quidem
980 635 1118 678 libros
1147 634 1501 690 eleyanflssimos
1528 639 1574 678 et
1598 634 1703 678 doc·-

277 710 479 750 tissimos
514 709 707 761 appellat
748 706 796 760 ²),
835 708 1047 749 Ernestus
1084 710 1225 749 autem
1271 707 1472 761 graviter
1518 710 1703 749 aetatem

277 792 395 821 suam
424 779 630 834 queritur,
658 792 779 822 usum
806 779 981 822 illorum
1009 779 1195 834 turpiter
1222 773 1513 834 negligentem
1543 776 1601 832 2);
1627 790 1704 821 ve-

275 863 369 891 rum
397 853 541 892 tamen
576 863 605 892 a
640 851 801 893 ceteris
838 851 919 893 vix
956 854 1121 893 tantam
1160 850 1305 893 laudis
1339 849 1704 906 praedicationem

274 922 393 964 nacti
422 926 534 975 sunt,
561 927 611 964 ut
638 923 911 978 comparandi
939 936 1031 965 cum
1059 922 1282 966 Ciceronis
1316 921 1547 965 rhetoricis
1575 921 1704 967 libris

276 992 544 1034 viderentur.
588 994 736 1048 Neque
774 993 903 1035 etiam
938 993 985 1035 in
1022 992 1239 1035 succincta
1275 981 1344 1037 ac*
1368 992 1541 1034 concisa
1578 1003 1704 1046 prae-

277 1067 499 1118 ceptorum
527 1064 811 1118 expositione,
833 1067 907 1106 aut
933 1065 981 1106 in
1009 1064 1145 1119 ipsius
1162 1063 1481 1119 praeceptionis
1495 1062 1703 1115 novitate,

277 1135 469 1178 utilitate
507 1136 695 1178 similive
742 1136 1115 1178 commendationis
1157 1133 1292 1178 laude*
1333 1135 1579 1191 quaerenda
1615 1138 1705 1186 est;

276 1207 436 1248 nemini
466 1207 590 1258 enim,
618 1207 658 1248 si
687 1219 715 1248 a
740 1207 871 1248 medii
900 1207 1000 1249 aevi
1028 1207 1275 1262 ingeniolis,
1307 1204 1556 1261 pulchriora
1580 1206 1704 1248 fasti—

277 1271 509 1330 dientibus,
545 1277 744 1320 discedas
776 1276 826 1331 ³),
863 1279 928 1321 sic
961 1280 1218 1333 placuerunt
1243 1279 1362 1331 libri,
1396 1282 1446 1320 ut
1484 1277 1705 1333 quisquam

274 1348 557 1391 admiratione
586 1352 827 1402 commotus,
855 1361 1002 1392 eorum
1028 1349 1312 1405 patrocinium
1350 1352 1525 1404 putetur
1560 1361 1704 1391 susce-

274 1422 406 1475 pisse.
451 1420 593 1462 Multo
620 1421 760 1475 magis
789 1434 883 1463 eam
910 1422 964 1465 ob
994 1434 1164 1464 causam
1190 1421 1288 1465 triti
1314 1424 1380 1463 tot
1404 1420 1611 1473 manibus,
1637 1424 1705 1462 tot

275 1490 459 1544 subjecti
481 1489 670 1544 judiciis,
707 1495 924 1539 tantarum
960 1492 1272 1535 dissensionum
1307 1504 1359 1534 ac
1397 1491 1705 1533 discordiarum
1787 1528 1789 1531 .

276 1566 476 1606 auctores
504 1562 642 1604 fuisse
672 1563 887 1616 videntur,
915 1564 1113 1619 quoniam
1149 1564 1278 1606 titulo
1316 1576 1367 1605 ac
1404 1563 1547 1618 specie
1584 1563 1705 1606 Cice-

273 1634 397 1679 ronis
425 1633 633 1676 familiam
660 1635 773 1677 male
803 1635 993 1677 credulis
1011 1635 1306 1690 imperitisque
1326 1633 1566 1713 hominilius
1588 1646 1704 1676 men-

322 1761 356 1814 ²)
384 1759 518 1800 Praef.
547 1759 767 1800 Comment.
797 1760 836 1799 in
865 1759 942 1800 hos
969 1758 1106 1800 libros.
1135 1758 1282 1800 Venet.
1313 1757 1431 1800 1583.
1459 1746 1521 1800 Cf·
1544 1758 1702 1800 Ouden⁴

388 1815 499 1869 dorp.
529 1813 661 1855 Praef.
688 1813 831 1857 Notar.
861 1814 913 1855 ad
940 1814 979 1855 h.
1007 1818 1223 1856 auctorem.
1509 1866 1511 1868 ,

320 1873 354 1923 2)
383 1870 516 1909 Praef.
544 1869 652 1909 Edit.
680 1883 719 1923 p.
750 1870 787 1909 6.
816 1870 867 1910 In
894 1871 956 1916 iis,
985 1871 1112 1922 inquit
1138 1883 1177 1924 p.
1207 1870 1245 1919 5,
1281 1874 1368 1910 tota
1395 1882 1467 1910 ars
1490 1869 1702 1910 'rhetorica

387 1926 449 1966 ad
474 1938 573 1965 usus
602 1925 845 1966 discentium
872 1924 1044 1966 breviter
1072 1929 1114 1966 et
1147 1923 1345 1965 subtiliter
1384 1925 1594 1987 descripta
1629 1929 1702 1973 est,

389 1986 562 2033 suntque
582 1986 808 2032 praeterea
845 1982 902 2023 ad
935 1981 1166 2020 docendum
1203 1981 1365 2033 quidem
1403 1985 1445 2020 et
1477 1981 1538 2020 ad
1574 1986 1704 2020 artem
1730 2014 1732 2016 .

384 2036 615 2076 universam
643 2035 988 2087 eoquo-scendum,
1012 2035 1158 2075 ceteris
1185 2035 1587 2077 accommodatiores.
1641 2033 1702 2075 (1ίί

383 2089 548 2131 Wetzel
576 2090 659 2130 Cic.
686 2089 826 2141 Rhett.
854 2090 978 2131 Minn-
1007 2089 1100 2130 Vol.
1128 2088 1156 2130 l.
1184 2103 1223 2143 p.
1255 2090 1318 2131 16.
1350 2089 1414 2131 17.

319 2144 356 2198 ³)
384 2145 579 2199 Magnum
608 2144 749 2186 horum
777 2146 967 2186 librorum
997 2145 1131 2185 medio
1160 2158 1261 2186 aevo
1297 2159 1416 2186 usum
1454 2158 1503 2185 ac
1539 2144 1702 2185 celebri-

385 2204 512 2242 tatem
540 2199 682 2245 fuisse,
708 2204 883 2242 testatur
917 2204 1001 2241 tum
1038 2201 1233 2241 immensa
1261 2200 1533 2255 exemplorum
1567 2212 1702 2241 manu-

386 2259 626 2309 scriptorum
656 2257 784 2309 copia,
813 2259 897 2296 tum
927 2255 1084 2295 inficeta
1112 2255 1378 2308 interpolatio.
1434 2255 1527 2303 Qua
1566 2254 1618 2295 de
1657 2269 1701 2295 re

385 2309 476 2350 Nic.
505 2309 610 2357 Aug.
638 2308 879 2351 Bucinensis
907 2309 1058 2350 Comm.
1087 2310 1126 2350 in
1165 2309 1248 2350 Cic.
1284 2309 1335 2351 de
1372 2312 1458 2350 arte
1485 2308 1585 2350 rhet.
1613 2308 1701 2350 libr.

385 2365 513 2406 Basil.
547 2366 673 2406 1541:
712 2366 995 2407 Librariorum
1034 2367 1195 2420 quidem
1223 2367 1515 2419 depravatione
1542 2370 1584 2406 et
1609 2370 1703 2406 tem-

381 2434 536 2474 porum
563 2421 661 2460 vitio
692 2421 838 2462 Cicero
877 2422 920 2460 ἰπ
957 2420 1069 2461 hisce
1104 2420 1419 2461 Rham-icarum
1454 2421 1514 2462 ad
1548 2421 1702 2461 Heren-

388 2477 499 2517 nium
528 2475 641 2517 libris
669 2490 696 2517 a
725 2491 769 2519 se
796 2479 888 2531 ipso
915 2475 1111 2518 hactenus
1132 2490 1215 2532 per
1251 2476 1423 2519 mendas
1459 2478 1520 2519 ita
1554 2477 1701 2518 semim

386 2532 488 2572 abiit
513 2533 556 2571 in
583 2533 894 2586 άεῙοτηιίίαίεηι,
922 2534 995 2573 vix
1010 2535 1104 2588 J'am
1132 2537 1179 2573 ut
1205 2546 1369 2573 suorum
1428 2532 1604 2589 lev-isque
1630 2545 1702 2585 ‹19-

299 2619 304 2625 ,
378 2592 588 2629 noscatur.
652 2587 717 2629 De
769 2588 1074 2642 interpolatione
1122 2587 1203 2632 vid,
1243 2587 1390 2630 Wetze
1442 2587 1535 2629 Cic.-
1559 2586 1702 2629 Rhett.

383 2643 509 2685 Minu.
538 2642 566 2684 Ι.
595 2657 634 2697 p.
663 2643 703 2685 3.
731 2644 799 2698 qui
827 2643 1059 2685 Schutzium
1088 2643 1205 2697 plura
1232 2647 1481 2686 resecantem
1509 2645 1634 2685 notat.
