1961 3338
179 341 307 393 esset,
345 350 470 395 quum
507 335 723 382 Saliorum
758 338 949 382 carmina
983 336 1242 411 Quintiliani
1278 340 1467 393 tempore
1506 337 1597 380 suis

139 457 141 459 ,
176 409 257 454 vix
284 410 577 454 sacerdotibus
605 415 750 453 essent
776 415 881 455 nota
910 411 959 465 ¹).

259 481 438 527 Pariter
461 480 634 524 videtur
671 481 821 527 Aelius
855 483 903 527 in
940 483 998 527 iis
1032 482 1236 537 fontibus,
1273 494 1298 525 e
1336 481 1491 538 quibus
1525 481 1598 536 Jus

177 566 410 597 sacrorum
423 555 649 607 petendum
681 560 787 607 erat,
816 560 1028 598 versatus.
1086 555 1248 598 Gravis
1287 554 1359 596 hic
1393 554 1600 608 imprimis

177 625 448 682 antiquitatis
477 626 690 670 Romanae
727 628 846 679 locus
883 632 992 682 erat,
1029 639 1151 685 quem
1187 626 1399 671 Varronis
1444 625 1599 669 deinde

120 721 126 723 >
178 698 410 753 diligentia
436 701 686 742 tantumnon
706 697 890 742 videtur.
899 701 1161 755 explevisse.
1188 701 1330 750 Multa
1345 700 1601 754 fragmenta,

177 784 284 827 quae
312 770 471 825 passim
497 771 786 827 inveniuntur,
813 786 886 816 res
915 786 1064 817 sacras
1092 776 1297 828 spectant,
1338 776 1383 815 et
1409 771 1526 815 Aelii
1552 771 1600 815 in

176 842 258 886 hoc
293 854 453 898 genere
490 844 671 888 studium
706 849 931 888 testantur.
988 845 1129 887 Etiam
1173 845 1321 888 Crassi
1365 844 1503 887 verba
1542 843 1597 885 de
1645 833 1653 839 ”

178 914 332 956 studiis
359 915 553 958 Aelianis
588 916 670 959 huc
707 918 926 973 pertinent
953 916 1011 970 2);
1051 930 1106 959 ea
1141 917 1253 959 enim
1288 917 1597 970 commendans,

176 990 354 1042 praeter
380 988 464 1029 XII
492 988 673 1042 tabulas,
702 985 969 1041 Pontificum
997 986 1140 1030 libros
1165 992 1381 1041 memorat,
1417 988 1465 1030 in
1503 987 1596 1043 qui-

176 1057 257 1100 bus
285 1057 555 1112 antiquitatis
583 1059 752 1113 effigies
781 1058 962 1099 eluceat.
991 1058 1134 1107 Quare
1163 1057 1366 1109 arbitror,
1405 1071 1499 1099 eum
1524 1071 1600 1111 pe-

109 1178 112 1180 ,
178 1129 341 1172 culiari
368 1142 499 1185 opere
527 1130 574 1173 in
601 1130 724 1173 illum
759 1130 898 1172 locum
932 1131 1254 1171 commentatum
1292 1140 1388 1170 esse
1425 1132 1471 1170 et
1506 1128 1603 1171 obs-

184 1201 359 1243 curiora
394 1202 622 1243 illustrare
661 1201 887 1243 studuisse.
944 1200 1177 1244 Confirmat
1213 1199 1325 1243 hanc
1362 1201 1605 1255 opinionem

183 1273 341 1315 Festus
379 1286 420 1315 v.
452 1272 695 1316 molucrum
703 1289 719 1323 ,·
756 1273 848 1315 ubi:
885 1271 1105 1326 „Cloatius
1134 1271 1271 1321 etiam,
1301 1273 1348 1315 in
1373 1272 1501 1315 libris
1531 1285 1601 1315 sa-

184 1356 351 1387 crorum
378 1346 609 1386 molucrum
637 1358 733 1386 esse
762 1344 883 1398 ajunt
910 1345 1074 1399 lignum
1103 1344 1309 1401 quoddam
1337 1344 1600 1398 quadratum,

178 1416 252 1458 ubi
286 1416 538 1459 immolatur.
594 1416 710 1457 Idem
746 1415 895 1457 Aelius
931 1416 978 1458 in
1013 1415 1320 1469 explanatione
1358 1414 1602 1458 Carminum

178 1487 410 1532 Saliarium
450 1488 595 1530 eodem
629 1488 797 1530 nomine
838 1488 1051 1543 appellari
1087 1487 1160 1541 ait,
1208 1487 1320 1543 quod
1359 1488 1437 1531 sub
1486 1488 1602 1530 mola

180 1556 477 1613 supponatur.“
513 1557 758 1611 Legendum
784 1557 847 1599 ibi
874 1557 1047 1599 videtur
1078 1556 1134 1611 3):
1164 1555 1371 1600 Cloatius
1399 1560 1532 1600 etiam
1552 1562 1605 1602 ,et

181 1627 342 1675 Aelius
367 1633 415 1673 in
444 1628 576 1673 libris
601 1632 836 1673 sacrorum
864 1652 940 1671 -.
994 1628 1070 1673 Sic
1098 1629 1262 1672 demum
1290 1626 1429 1673 vei-ba
1455 1630 1603 1673 Pauli:

178 1699 299 1746 Idem
326 1699 487 1745 Aelius
502 1725 557 1732 —
574 1701 729 1757 optime
759 1701 1018 1743 conveniunt
1033 1688 1355 1755 superioribus.
1382 1702 1605 1756 Duplicem

177 1775 314 1829 igitur
340 1774 488 1815 Aelius
525 1774 738 1814 vocabulo
772 1770 1016 1814 molucrum
1051 1772 1407 1826 significationem
1441 1772 1603 1814 tribue-

178 1845 267 1898 bat,
295 1843 359 1887 ita
385 1847 433 1886 ut
459 1843 506 1885 in
533 1842 749 1886 Saliorum
777 1841 1034 1884 carminibus
1056 1845 1100 1883 et
1127 1842 1173 1884 in
1199 1854 1249 1884 re
1280 1855 1407 1884 sacra
1425 1842 1602 1884 diversa

180 1918 364 1957 notaret.
393 1916 527 1964 Quum
554 1925 661 1955 vero
689 1911 736 1954 hi
762 1912 935 1955 Aeliani
963 1912 1016 1954 de
1046 1913 1184 1955 sacris
1211 1913 1317 1956 libri
1352 1911 1600 1966 conjectura

230 2081 261 2132 ¹)
290 2078 388 2120 '¹¹⁵‘
404 2077 502 2175 522.
524 2076 698 2173 {fiai-..53
718 2074 886 2170 2¹3.AE
889 2074 1173 2184 ‘2235132‘2
1196 2075 1409 2170 ἶᾶηαῖἑιᾎ
1417 2075 1551 2177 ἶῖῐαα,

409 2188 534 2236 Quod
557 2200 710 2228 mecum
738 2187 911 2240 iynorat,
941 2184 1050 2231 solus
1077 2185 1163 2229 vult
1190 2188 1296 2228 scire
1323 2186 1466 2230 videri.

296 2244 371 2287 Cff.
400 2257 503 2301 quae
532 2243 582 2283 de
610 2242 728 2284 Aelio
758 2242 974 2283 carminum
998 2241 1215 2283 Saliarium·
1240 2244 1456 2296 interprete
1483 2241 1611 2282 habet

297 2301 501 2355 Suringar.
530 2297 610 2354 Op
638 2297 720 2352 l.p
723 2297 827 2342 ..28
857 2296 922 2340 29.
951 2295 1046 2338 Vid.
1075 2295 1173 2339 Tob.
1202 2296 1519 2339 Guthberlethus
1557 2297 1611 2338 de

295 2357 424 2397 Saliis
451 2313 622 2408 Franepq.
653 2354 773 2400 1706,
814 2355 881 2407 qui
916 2354 1132 2402 carminum
1168 2353 1382 2393 Saliarium
1417 2353 1609 2406 reliquias

294 2411 480 2465 collegit3
504 2410 652 2452 Christ.
679 2408 782 2451 Lud.
811 2408 995 2455 Crellius,
1022 2408 1075 2449 de
1101 2398 1330 2449 Saliaribus
1350 2408 1606 2450 Carminibus

294 2466 466 2508 Witteb.
498 2465 624 2515 17323
651 2464 742 2508 Nic.
771 2463 902 2506 Reich
930 2463 998 2505 De
1024 2462 1161 2511 Saliis,
1187 2463 1362 2506 Hafniae
1397 2463 1516 2510 1737.

228 2525 262 2577 2)
289 2522 353 2563 De
381 2520 495 2563 Orat.
524 2524 557 2564 1.
584 2521 652 2563 43.

232 2580 265 2632 ⁸)
294 2576 426 2626 Quam
453 2576 665 2617 lectionem
694 2578 854 2618 exstare
881 2574 999 2616 video
1029 2576 1069 2617 in
1097 2578 1233 2617 annot.
1261 2587 1385 2629 marg.
1413 2574 1464 2616 ad
1492 2574 1605 2617 Festi

295 2630 480 2685 Schedas
508 2644 548 2685 p.
576 2631 642 2673 80.
