1961 3338
793 316 856 326 ..
924 290 991 342 14
1059 315 1122 326 ...-

243 410 413 466 quidem
440 412 611 465 ratione
640 424 723 457 nec
748 413 848 456 tolli
870 425 952 456 nec
971 412 1233 457 labefactari
1252 407 1543 459 &liutsindae
1571 423 1673 456 sen·

238 483 407 527 tentiae
434 485 561 529 fidem
586 488 718 541 patet.
1301 497 1303 499 ’

326 557 577 610 Praeterea,
605 569 713 612 quae
742 557 795 599 de
832 554 1075 612 Gniphonis
1110 556 1300 613 ingenio,
1336 557 1545 611 doctrina,
1582 567 1670 598 me-

241 628 391 682 moria,
418 629 605 672 moribus
634 641 686 671 ac
712 631 871 671 namra
898 641 925 671 a
952 627 1162 673 Schutzio
1188 629 1473 686 disputantur,
1491 629 1538 673 in
1570 627 1669 671 doc-

241 703 379 742 torem
407 700 725 742 Herennianum
753 700 861 742 scite
890 700 1165 744 conveniunt.
1220 700 1459 746 Sed-visus
1488 695 1556 744 est
1583 699 1669 743 sibi

241 771 355 813 idem
382 772 677 813 difficultatem
704 784 946 826 superasse,
975 769 1083 827 quae
1111 771 1213 814 tom
1238 766 1453 834 cto-„node
1479 786 1567 815 non
1592 777 1668 827 po-

239 845 339 885 test.
365 842 510 889 Verba
538 846 639 885 sunt
665 842 864 887 Suetonii
896 841 955 899 ¹)=
990 838 1134 901 ΑΜ
1158 833 1361 895 scholam
1388 840 1489 900 ἠιιε
1514 842 1670 888 claros

239 925 412 969 quoque
438 916 563 958 viros
588 912 918 972 frequentasse,
945 917 994 960 in
1031 914 1105 959 his
1138 911 1206 959 M.
1243 912 1506 959 θῦσον-Μ
1533 917 1674 961 etian-

236 997 337 1028 cum
362 990 583 1041 praetura
608 985 883 1043 fingeretur.
911 988 1113 1032 Abutitur
1135 985 1206 1030 his
1221 986 1394 1040 Auctor,
1412 998 1537 1043 quum
1558 979 1662 1030 inde

235 1060 437 1101 constare
466 1061 655 1113 censeat,
683 1058 916 1116 disciplina
931 1055 1171 1115 Gmsshoffis
1190 1054 1384 1102 Tullium
1409 1069 1497 1101 non
1524 1056 1666 1101 sol-

233 1133 480 1186 praetorem
515 1141 637 1172 usum
677 1143 788 1184 esse,
826 1131 903 1173 sed
939 1131 1068 1173 etiam
1102 1126 1431 1173 adolescentem.
1487 1130 1539 1171 ln
1579 1140 1663 1184 quo

236 1200 392 1244 merito
421 1202 620 1257 culpatur
647 1200 699 1257 ²),
728 1202 1064 1260 quandoquidem
1090 1202 1301 1247 vocabulo
1330 1203 1462 1246 etim
1497 1201 1562 1245 sic
1587 1215 1664 1257 po·

235 1272 321 1315 sito
349 1272 459 1315 haec
486 1274 557 1316 vis
585 1285 672 1317 non
699 1274 826 1328 inest,
854 1278 903 1317 ut
929 1273 985 1317 ad
1013 1274 1210 1330 superius
1250 1274 1458 1330 quoddam
1495 1277 1664 1329 tempus

231 1345 371 1393 simul⁴
395 1348 575 1400 spectet.
632 1346 881 1389 Verisimile
916 1346 1021 1389 mihi
1060 1347 1246 1400 videtur,
1290 1348 1430 1389 locum
1465 1345 1664 1389 Suetonii

230 1420 394 1459 mutata
420 1417 765 1473 interpunctione
794 1416 1079 1472 adjuvandum
1107 1429 1224 1459 esse:
1251 1440 1305 1448 -
1320 1418 1369 1460 in
1395 1415 1469 1459 his
1493 1414 1561 1459 Μ.
1585 1414 1663 1460 Gi-

232 1501 439 1533 ceronem
466 1492 614 1542 etiam,
642 1502 743 1534 cum
767 1493 985 1545 praetura
1019 1487 1294 1549 funyeretur.
1354 1490 1527 1542 Fateor,
1554 1502 1662 1544 pug-

227 1573 336 1603 nare
365 1574 458 1603 cum
487 1560 801 1605 Grammaticae
828 1562 1000 1617 legibus
1028 1564 1163 1604 etiam
1188 1560 1271 1604 hoc
1308 1574 1439 1604 sensu
1465 1573 1544 1616 pro
1573 1561 1661 1604 usi-

230 1633 391 1676 tatiore
420 1645 595 1690 quoque
620 1634 824 1691 positum3
852 1646 1015 1687 verum,
1044 1646 1169 1689 quum
1204 1633 1517 1689 praecessisset
1551 1632 1661 1676 haec

228 1718 332 1759 vox,
369 1717 426 1747 ne
462 1705 626 1748 iterata
672 1706 937 1760 displiceret,
983 1707 1167 1747 alteram
1200 1705 1340 1747 invito
1381 1717 1575 1746 sermone
1613 1705 1660 1747 in

230 1774 325 1832 ejus
351 1777 493 1820 locum
521 1777 782 1820 successisse
812 1777 1025 1820 existimo.
1053 1777 1270 1832 Perpetua
1297 1780 1438 1820 autem
1463 1774 1573 1819 haec
1590 1779 1659 1819 est

230 1850 422 1892 auctoris
452 1850 725 1903 consuetudo,
754 1853 802 1891 ut
827 1850 916 1892 ista
942 1849 1156 1892 vocabula
1181 1848 1265 1891 hac
1291 1849 1505 1904 positione
1534 1861 1658 1891 usur-

226 1924 313 1977 pet.
342 1922 491 1977 ltaque
525 1921 708 1964 retinuit
743 1933 863 1963 usum
899 1921 1126 1975 vulgarem
1160 1920 1207 1963 in
1244 1919 1334 1964 his:
1367 1921 1658 1976 praeemisse

226 1995 372 2035 atam
391 1990 544 2035 multis
570 1995 615 2035 et
641 1989 785 2035 claris
800 1989 1066 2048 juvenibus.-
1093 1992 1142 2034 in
1169 1988 1330 2046 quibus
1355 1986 1505 2047 Appio
1532 2002 1655 2047 quo-

223 2073 328 2116 que
362 2066 407 2105 et
440 2060 641 2105 Pulchro
681 2059 888 2105 Claudiis
925 2058 1147 2114 fratribus
1176 2058 1233 2114 ³):
1269 2060 1382 2104 nihil
1419 2061 1542 2119 enim,
1578 2064 1655 2104 cin·

268 2207 284 2231 Ι

269 2207 306 2317 2}
332 2206 398 2305 ¹3ss
425 2206 803 2304 iihnffffssmh.
837 2259 990 2315 Encye.
1018 2259 1045 2304 1.
1075 2259 1102 2304 1.
1129 2274 1170 2316 p.
1197 2259 1293 2305 207.
1347 2259 1566 2317 perperam
1592 2266 1650 2305 ta-

330 2331 424 2361 men
456 2318 523 2360 ille
550 2318 793 2360 sententiam
830 2330 948 2358 suam
986 2316 1167 2358 defendit
1198 2318 1336 2359 verbis
1378 2317 1561 2359 Suetonii
1590 2318 1652 2362 Cl.

332 2373 458 2416 Rhet.
500 2373 562 2416 l.=
604 2373 750 2415 Cicero
787 2373 849 2413 ad
880 2377 1125 2426 praeturam
1157 2386 1284 2427 usque
1321 2371 1494 2414 Graece·
1517 2374 1652 2415 decla-

330 2430 469 2476 mavit,
497 2428 649 2470 Latine
675 2442 772 2469 vero
801 2429 938 2468 senior
964 2440 1123 2483 quoque
1135 2442 1149 2477 ‚-
1177 2429 1325 2483 quibus
1352 2428 1489 2469 verbis
1515 2442 1650 2483 quam-

332 2485 397 2525 vis
425 2483 599 2526 affirmet
632 2488 784 2532 auctor,
820 2483 1068 2525 Ciceronem·
1093 2482 1263 2530 Graece,
1300 2496 1327 2524 a
1354 2496 1433 2537 quo
1470 2487 1652 2540 tempore

329 2538 499 2581 Praetor
526 2540 660 2582 factus
689 2543 815 2587 esset,
855 2552 933 2580 non
967 2538 1274 2586 declamavisse‚
1319 2540 1480 2581 minime
1515 2543 1652 2582 tamen

327 2600 462 2650 negat,
488 2595 637 2638 Latine
665 2594 917 2637 declamandi
945 2608 1065 2635 usum
1083 2594 1125 2635 ei
1153 2597 1248 2635 ante
1275 2598 1503 2648 praeturam
1540 2595 1650 2638 fami-

328 2650 470 2692 liarem
492 2650 639 2695 fuisse.
667 2650 790 2703 Quod
817 2650 969 2693 diserte
997 2649 1141 2693 Cicero
1170 2652 1344 2693 testatur
1370 2649 1498 2694 Bruto
1526 2650 1593 2695 89.

271 2705 302 2759 ³)
329 2704 379 2749 L.
406 2706 433 2750 1.
463 2719 497 2750 c.
530 2705 593 2750 10.
