<?xml version="1.0" encoding="UTF-8"?>
<!DOCTYPE html PUBLIC "-//W3C//DTD XHTML 1.0 Transitional//EN"
    "http://www.w3.org/TR/xhtml1/DTD/xhtml1-transitional.dtd">
<html xmlns="http://www.w3.org/1999/xhtml" xml:lang="en" lang="en">
 <head>
  <title>
</title>
<meta http-equiv="Content-Type" content="text/html;charset=utf-8" />
  <meta name='ocr-system' content='tesseract 3.04.00' />
  <meta name='ocr-capabilities' content='ocr_page ocr_carea ocr_par ocr_line ocrx_word'/>
</head>
<body>
  <div class='ocr_page' id='page_1' title='image "./4738125_0009.png"; bbox 0 0 1961 3338; ppageno 0'>
   <div class='ocr_carea' id='block_1_1' title="bbox 481 589 1250 696">
    <p class='ocr_par' dir='ltr' id='par_1_1' title="bbox 481 589 1250 696">
     <span class='ocr_line' id='line_1_1' title="bbox 481 589 1250 696; baseline 0.005 -13"><span class='ocrx_word' id='word_1_1' title='bbox 481 589 1250 696; x_wconf 63' lang='lat' dir='ltr'><strong>Rovnnslm</strong></span> 
     </span>
    </p>
   </div>
   <div class='ocr_carea' id='block_1_2' title="bbox 183 723 1568 821">
    <p class='ocr_par' dir='ltr' id='par_1_2' title="bbox 183 723 1568 821">
     <span class='ocr_line' id='line_1_2' title="bbox 183 723 1568 821; baseline -0.003 -9"><span class='ocrx_word' id='word_1_2' title='bbox 183 768 327 817; x_wconf 77' lang='lat' dir='ltr'><strong>vlno</strong></span> <span class='ocrx_word' id='word_1_3' title='bbox 356 765 711 821; x_wconf 74' lang='lat' dir='ltr'><strong>CLARISSIMO,</strong></span> <span class='ocrx_word' id='word_1_4' title='bbox 740 765 1095 813; x_wconf 66' lang='lat' dir='ltr'><strong>consonum</strong></span> <span class='ocrx_word' id='word_1_5' title='bbox 1121 723 1533 812; x_wconf 67' lang='lat' dir='ltr'><strong>nnmc&#39;rlssimo</strong></span> <span class='ocrx_word' id='word_1_6' title='bbox 1566 769 1568 773; x_wconf 80' lang='grc'><strong>”</strong></span> 
     </span>
    </p>
   </div>
   <div class='ocr_carea' id='block_1_3' title="bbox 346 900 1281 1123">
    <p class='ocr_par' dir='ltr' id='par_1_3' title="bbox 346 900 1281 1123">
     <span class='ocr_line' id='line_1_3' title="bbox 749 900 963 945; baseline 0 0"><span class='ocrx_word' id='word_1_7' title='bbox 749 900 799 945; x_wconf 88' lang='lat' dir='ltr'><strong>S.</strong></span> <span class='ocrx_word' id='word_1_8' title='bbox 823 901 877 944; x_wconf 87' lang='lat' dir='ltr'><strong>P.</strong></span> <span class='ocrx_word' id='word_1_9' title='bbox 905 900 963 945; x_wconf 84' lang='lat' dir='ltr'><strong>D.</strong></span> 
     </span>
     <span class='ocr_line' id='line_1_4' title="bbox 346 993 1281 1123; baseline -0.002 -33"><span class='ocrx_word' id='word_1_10' title='bbox 346 993 350 999; x_wconf 60' lang='grc'><em>’</em></span> <span class='ocrx_word' id='word_1_11' title='bbox 418 1033 487 1090; x_wconf 74' lang='lat' dir='ltr'><strong>J.</strong></span> <span class='ocrx_word' id='word_1_12' title='bbox 528 1033 599 1089; x_wconf 72' lang='grc' dir='ltr'>ι.</span> <span class='ocrx_word' id='word_1_13' title='bbox 640 1032 711 1089; x_wconf 76' lang='lat' dir='ltr'><strong>c,</strong></span> <span class='ocrx_word' id='word_1_14' title='bbox 751 1030 905 1088; x_wconf 66' lang='lat' dir='ltr'><strong>vm</strong></span> <span class='ocrx_word' id='word_1_15' title='bbox 941 1029 1281 1123; x_wconf 70' lang='lat' dir='ltr'><strong>unusne.</strong></span> 
     </span>
    </p>
   </div>
   <div class='ocr_carea' id='block_1_4' title="bbox 748 1194 968 1202">
    <p class='ocr_par' dir='ltr' id='par_1_4' title="bbox 748 1194 968 1202">
     <span class='ocr_line' id='line_1_5' title="bbox 748 1194 968 1202; baseline -0.005 0"><span class='ocrx_word' id='word_1_16' title='bbox 748 1194 968 1202; x_wconf 67' lang='lat' dir='ltr'><strong>a———n</strong></span> 
     </span>
    </p>
   </div>
   <div class='ocr_carea' id='block_1_5' title="bbox 129 1338 1564 2678">
    <p class='ocr_par' dir='ltr' id='par_1_5' title="bbox 129 1338 1564 2678">
     <span class='ocr_line' id='line_1_6' title="bbox 143 1338 1561 1442; baseline -0.002 -13"><span class='ocrx_word' id='word_1_17' title='bbox 143 1338 328 1429; x_wconf 82' lang='lat' dir='ltr'><strong>Seram</strong></span> <span class='ocrx_word' id='word_1_18' title='bbox 352 1385 589 1440; x_wconf 78' lang='lat' dir='ltr'><strong>miraberiS,</strong></span> <span class='ocrx_word' id='word_1_19' title='bbox 617 1388 772 1442; x_wconf 90' lang='lat' dir='ltr'><strong>optime</strong></span> <span class='ocrx_word' id='word_1_20' title='bbox 801 1388 998 1441; x_wconf 79' lang='lat' dir='ltr'><strong>Roversi,</strong></span> <span class='ocrx_word' id='word_1_21' title='bbox 1034 1386 1160 1442; x_wconf 86' lang='lat' dir='ltr'><strong>hujus</strong></span> <span class='ocrx_word' id='word_1_22' title='bbox 1187 1387 1292 1429; x_wconf 85' lang='lat' dir='ltr'>libri</span> <span class='ocrx_word' id='word_1_23' title='bbox 1321 1385 1561 1437; x_wconf 83' lang='lat' dir='ltr'><strong>editionem,</strong></span> 
     </span>
     <span class='ocr_line' id='line_1_7' title="bbox 142 1476 1563 1532; baseline 0.001 -17"><span class='ocrx_word' id='word_1_24' title='bbox 142 1487 265 1529; x_wconf 84' lang='lat' dir='ltr'><strong>quam</strong></span> <span class='ocrx_word' id='word_1_25' title='bbox 291 1478 339 1516; x_wconf 97' lang='lat' dir='ltr'><strong>ut</strong></span> <span class='ocrx_word' id='word_1_26' title='bbox 364 1479 631 1529; x_wconf 87' lang='lat' dir='ltr'><strong>maturarem,</strong></span> <span class='ocrx_word' id='word_1_27' title='bbox 659 1476 792 1519; x_wconf 81' lang='lat' dir='ltr'><strong>amice</strong></span> <span class='ocrx_word' id='word_1_28' title='bbox 828 1489 895 1519; x_wconf 94' lang='lat' dir='ltr'><strong>me</strong></span> <span class='ocrx_word' id='word_1_29' title='bbox 924 1477 1095 1532; x_wconf 87' lang='lat' dir='ltr'><strong>saepius</strong></span> <span class='ocrx_word' id='word_1_30' title='bbox 1124 1476 1415 1532; x_wconf 75' lang='lat' dir='ltr'><strong>alacriterque</strong></span> <span class='ocrx_word' id='word_1_31' title='bbox 1442 1487 1563 1518; x_wconf 89' lang='lat' dir='ltr'><strong>more</strong></span> 
     </span>
     <span class='ocr_line' id='line_1_8' title="bbox 142 1562 1564 1622; baseline 0 -16"><span class='ocrx_word' id='word_1_32' title='bbox 142 1568 215 1606; x_wconf 87' lang='lat' dir='ltr'><strong>tuo</strong></span> <span class='ocrx_word' id='word_1_33' title='bbox 242 1562 440 1607; x_wconf 82' lang='lat' dir='ltr'><strong>hortatus</strong></span> <span class='ocrx_word' id='word_1_34' title='bbox 469 1578 528 1607; x_wconf 73' lang='lat' dir='ltr'><strong>es·</strong></span> <span class='ocrx_word' id='word_1_35' title='bbox 586 1566 772 1622; x_wconf 84' lang='lat' dir='ltr'><strong>Obsequi</strong></span> <span class='ocrx_word' id='word_1_36' title='bbox 799 1570 942 1610; x_wconf 85' lang='lat' dir='ltr'><strong>tamen</strong></span> <span class='ocrx_word' id='word_1_37' title='bbox 968 1566 1162 1610; x_wconf 83' lang='lat' dir='ltr'><strong>hortanti</strong></span> <span class='ocrx_word' id='word_1_38' title='bbox 1189 1566 1270 1611; x_wconf 86' lang='lat' dir='ltr'><strong>tibi</strong></span> <span class='ocrx_word' id='word_1_39' title='bbox 1299 1563 1564 1609; x_wconf 53' lang='lat' dir='ltr'><strong>verecundae</strong></span> 
     </span>
     <span class='ocr_line' id='line_1_9' title="bbox 141 1646 1563 1711; baseline -0.001 -14"><span class='ocrx_word' id='word_1_40' title='bbox 141 1655 232 1707; x_wconf 77' lang='lat' dir='ltr'><strong>bar,</strong></span> <span class='ocrx_word' id='word_1_41' title='bbox 261 1654 475 1702; x_wconf 81' lang='lat' dir='ltr'><strong>sollicitus</strong></span> <span class='ocrx_word' id='word_1_42' title='bbox 501 1669 557 1697; x_wconf 94' lang='lat' dir='ltr'><strong>ne</strong></span> <span class='ocrx_word' id='word_1_43' title='bbox 587 1656 687 1711; x_wconf 87' lang='lat' dir='ltr'><strong>quid</strong></span> <span class='ocrx_word' id='word_1_44' title='bbox 713 1656 935 1711; x_wconf 84' lang='lat' dir='ltr'><strong>improvisi</strong></span> <span class='ocrx_word' id='word_1_45' title='bbox 962 1646 1043 1698; x_wconf 89' lang='lat' dir='ltr'><strong>nec</strong></span> <span class='ocrx_word' id='word_1_46' title='bbox 1071 1657 1180 1698; x_wconf 88' lang='lat' dir='ltr'><strong>satis</strong></span> <span class='ocrx_word' id='word_1_47' title='bbox 1217 1655 1375 1698; x_wconf 85' lang='lat' dir='ltr'><strong>tentati</strong></span> <span class='ocrx_word' id='word_1_48' title='bbox 1411 1655 1563 1709; x_wconf 87' lang='lat' dir='ltr'><strong>explo-</strong></span> 
     </span>
     <span class='ocr_line' id='line_1_10' title="bbox 141 1718 1561 1799; baseline 0 -14"><span class='ocrx_word' id='word_1_49' title='bbox 141 1743 311 1798; x_wconf 84' lang='lat' dir='ltr'><strong>ratique</strong></span> <span class='ocrx_word' id='word_1_50' title='bbox 336 1718 591 1786; x_wconf 87' lang='lat' dir='ltr'><strong>emitterem.</strong></span> <span class='ocrx_word' id='word_1_51' title='bbox 634 1744 796 1799; x_wconf 84' lang='lat' dir='ltr'><strong>ltaque,</strong></span> <span class='ocrx_word' id='word_1_52' title='bbox 826 1757 908 1799; x_wconf 80' lang='lat' dir='ltr'><strong>quo</strong></span> <span class='ocrx_word' id='word_1_53' title='bbox 930 1743 1083 1798; x_wconf 90' lang='lat' dir='ltr'><strong>judicii</strong></span> <span class='ocrx_word' id='word_1_54' title='bbox 1112 1744 1391 1787; x_wconf 87' lang='lat' dir='ltr'><strong>severitatem</strong></span> <span class='ocrx_word' id='word_1_55' title='bbox 1419 1742 1561 1785; x_wconf 87' lang='lat' dir='ltr'><strong>minus</strong></span> 
     </span>
     <span class='ocr_line' id='line_1_11' title="bbox 140 1830 1561 1886; baseline 0 -14"><span class='ocrx_word' id='word_1_56' title='bbox 140 1830 344 1885; x_wconf 87' lang='lat' dir='ltr'><strong>timerem,</strong></span> <span class='ocrx_word' id='word_1_57' title='bbox 380 1830 653 1886; x_wconf 86' lang='lat' dir='ltr'><strong>indulgebam</strong></span> <span class='ocrx_word' id='word_1_58' title='bbox 698 1830 951 1874; x_wconf 88' lang='lat' dir='ltr'><strong>emendandi</strong></span> <span class='ocrx_word' id='word_1_59' title='bbox 997 1834 1041 1873; x_wconf 92' lang='lat' dir='ltr'><strong>et</strong></span> <span class='ocrx_word' id='word_1_60' title='bbox 1078 1830 1327 1886; x_wconf 79' lang='lat' dir='ltr'><strong>expoliendi</strong></span> <span class='ocrx_word' id='word_1_61' title='bbox 1363 1830 1561 1884; x_wconf 88' lang='lat' dir='ltr'><strong>consilio,</strong></span> 
     </span>
     <span class='ocr_line' id='line_1_12' title="bbox 139 1918 1557 1975; baseline 0.001 -15"><span class='ocrx_word' id='word_1_62' title='bbox 139 1919 373 1961; x_wconf 88' lang='lat' dir='ltr'><strong>cunctando</strong></span> <span class='ocrx_word' id='word_1_63' title='bbox 401 1919 544 1974; x_wconf 90' lang='lat' dir='ltr'><strong>potius</strong></span> <span class='ocrx_word' id='word_1_64' title='bbox 571 1932 674 1972; x_wconf 92' lang='lat' dir='ltr'><strong>rem,</strong></span> <span class='ocrx_word' id='word_1_65' title='bbox 702 1923 749 1961; x_wconf 92' lang='lat' dir='ltr'><strong>ut</strong></span> <span class='ocrx_word' id='word_1_66' title='bbox 776 1919 867 1973; x_wconf 88' lang='lat' dir='ltr'><strong>ille,</strong></span> <span class='ocrx_word' id='word_1_67' title='bbox 894 1920 1141 1972; x_wconf 86' lang='lat' dir='ltr'><strong>restituere,</strong></span> <span class='ocrx_word' id='word_1_68' title='bbox 1161 1932 1284 1975; x_wconf 82' lang='lat' dir='ltr'><strong>quam</strong></span> <span class='ocrx_word' id='word_1_69' title='bbox 1309 1918 1557 1961; x_wconf 79' lang='lat' dir='ltr'><strong>festinando</strong></span> 
     </span>
     <span class='ocr_line' id='line_1_13' title="bbox 137 2004 1560 2064; baseline 0 -15"><span class='ocrx_word' id='word_1_70' title='bbox 137 2007 320 2062; x_wconf 85' lang='lat' dir='ltr'><strong>perdere</strong></span> <span class='ocrx_word' id='word_1_71' title='bbox 349 2008 536 2063; x_wconf 78' lang='lat' dir='ltr'><strong>cupiens,</strong></span> <span class='ocrx_word' id='word_1_72' title='bbox 594 2009 831 2051; x_wconf 88' lang='lat' dir='ltr'><strong>Praeterea</strong></span> <span class='ocrx_word' id='word_1_73' title='bbox 865 2021 985 2061; x_wconf 85' lang='lat' dir='ltr'><strong>vero,</strong></span> <span class='ocrx_word' id='word_1_74' title='bbox 1024 2007 1220 2064; x_wconf 85' lang='lat' dir='ltr'><strong>quoniam</strong></span> <span class='ocrx_word' id='word_1_75' title='bbox 1251 2006 1333 2050; x_wconf 91' lang='lat' dir='ltr'><strong>hoc</strong></span> <span class='ocrx_word' id='word_1_76' title='bbox 1371 2011 1419 2049; x_wconf 90' lang='lat' dir='ltr'><strong>tu</strong></span> <span class='ocrx_word' id='word_1_77' title='bbox 1455 2004 1560 2049; x_wconf 88' lang='lat' dir='ltr'><strong>mihi</strong></span> 
     </span>
     <span class='ocr_line' id='line_1_14' title="bbox 135 2093 1561 2151; baseline -0.001 -14"><span class='ocrx_word' id='word_1_78' title='bbox 135 2096 301 2149; x_wconf 87' lang='lat' dir='ltr'><strong>petenti</strong></span> <span class='ocrx_word' id='word_1_79' title='bbox 329 2108 616 2149; x_wconf 80' lang='lat' dir='ltr'><strong>concesseras,</strong></span> <span class='ocrx_word' id='word_1_80' title='bbox 656 2099 703 2137; x_wconf 88' lang='lat' dir='ltr'><strong>ut</strong></span> <span class='ocrx_word' id='word_1_81' title='bbox 742 2108 865 2151; x_wconf 84' lang='lat' dir='ltr'><strong>quam</strong></span> <span class='ocrx_word' id='word_1_82' title='bbox 904 2099 976 2137; x_wconf 90' lang='lat' dir='ltr'><strong>tuo</strong></span> <span class='ocrx_word' id='word_1_83' title='bbox 1009 2094 1171 2149; x_wconf 90' lang='lat' dir='ltr'><strong>judicio</strong></span> <span class='ocrx_word' id='word_1_84' title='bbox 1191 2114 1193 2119; x_wconf 96' lang='lat'>·</span> <span class='ocrx_word' id='word_1_85' title='bbox 1211 2107 1382 2150; x_wconf 87' lang='lat' dir='ltr'><strong>operam</strong></span> <span class='ocrx_word' id='word_1_86' title='bbox 1419 2093 1561 2147; x_wconf 85' lang='lat' dir='ltr'><strong>subje-</strong></span> 
     </span>
     <span class='ocr_line' id='line_1_15' title="bbox 136 2180 1558 2236; baseline 0.001 -13"><span class='ocrx_word' id='word_1_87' title='bbox 136 2183 300 2236; x_wconf 89' lang='lat' dir='ltr'><strong>cissem,</strong></span> <span class='ocrx_word' id='word_1_88' title='bbox 329 2180 504 2225; x_wconf 89' lang='lat' dir='ltr'><strong>eandem</strong></span> <span class='ocrx_word' id='word_1_89' title='bbox 531 2183 699 2224; x_wconf 89' lang='lat' dir='ltr'><strong>nomine</strong></span> <span class='ocrx_word' id='word_1_90' title='bbox 727 2186 800 2224; x_wconf 87' lang='lat' dir='ltr'><strong>tuo</strong></span> <span class='ocrx_word' id='word_1_91' title='bbox 830 2183 1158 2224; x_wconf 86' lang='lat' dir='ltr'><strong>commendatam</strong></span> <span class='ocrx_word' id='word_1_92' title='bbox 1186 2182 1366 2235; x_wconf 84' lang='lat' dir='ltr'><strong>ederem,</strong></span> <span class='ocrx_word' id='word_1_93' title='bbox 1394 2183 1558 2225; x_wconf 82' lang='lat' dir='ltr'><strong>facien-</strong></span> 
     </span>
     <span class='ocr_line' id='line_1_16' title="bbox 135 2270 1557 2328; baseline 0 -14"><span class='ocrx_word' id='word_1_94' title='bbox 135 2271 232 2314; x_wconf 90' lang='lat' dir='ltr'><strong>dum</strong></span> <span class='ocrx_word' id='word_1_95' title='bbox 258 2270 363 2314; x_wconf 88' lang='lat' dir='ltr'><strong>mihi</strong></span> <span class='ocrx_word' id='word_1_96' title='bbox 390 2271 552 2327; x_wconf 86' lang='lat' dir='ltr'><strong>putavi,</strong></span> <span class='ocrx_word' id='word_1_97' title='bbox 580 2275 628 2314; x_wconf 91' lang='lat' dir='ltr'><strong>ut</strong></span> <span class='ocrx_word' id='word_1_98' title='bbox 655 2271 874 2328; x_wconf 82' lang='lat' dir='ltr'><strong>aliquanto</strong></span> <span class='ocrx_word' id='word_1_99' title='bbox 888 2271 1097 2314; x_wconf 88' lang='lat' dir='ltr'><strong>ornatior</strong></span> <span class='ocrx_word' id='word_1_100' title='bbox 1133 2270 1452 2327; x_wconf 85' lang='lat' dir='ltr'><strong>spectatiorque</strong></span> <span class='ocrx_word' id='word_1_101' title='bbox 1489 2272 1557 2314; x_wconf 87' lang='lat' dir='ltr'><strong>fu-</strong></span> 
     </span>
     <span class='ocr_line' id='line_1_17' title="bbox 132 2358 1557 2414; baseline 0.002 -16"><span class='ocrx_word' id='word_1_102' title='bbox 132 2358 220 2408; x_wconf 86' lang='lat' dir='ltr'><strong>turi</strong></span> <span class='ocrx_word' id='word_1_103' title='bbox 247 2360 420 2413; x_wconf 90' lang='lat' dir='ltr'><strong>patroni</strong></span> <span class='ocrx_word' id='word_1_104' title='bbox 447 2359 632 2414; x_wconf 82' lang='lat' dir='ltr'><strong>gratiam</strong></span> <span class='ocrx_word' id='word_1_105' title='bbox 660 2358 743 2402; x_wconf 87' lang='lat' dir='ltr'><strong>sibi</strong></span> <span class='ocrx_word' id='word_1_106' title='bbox 770 2359 1034 2401; x_wconf 81' lang='lat' dir='ltr'><strong>conciliaret.</strong></span> <span class='ocrx_word' id='word_1_107' title='bbox 1083 2359 1362 2409; x_wconf 78' lang='lat' dir='ltr'><strong>Quamobrem</strong></span> <span class='ocrx_word' id='word_1_108' title='bbox 1388 2360 1557 2414; x_wconf 85' lang='lat' dir='ltr'><strong>longio-</strong></span> 
     </span>
     <span class='ocr_line' id='line_1_18' title="bbox 131 2445 1550 2510; baseline 0.002 -23"><span class='ocrx_word' id='word_1_109' title='bbox 131 2457 234 2498; x_wconf 87' lang='lat' dir='ltr'><strong>rem,</strong></span> <span class='ocrx_word' id='word_1_110' title='bbox 249 2458 359 2500; x_wconf 87' lang='lat' dir='ltr'><strong>quae</strong></span> <span class='ocrx_word' id='word_1_111' title='bbox 388 2446 660 2502; x_wconf 81' lang='lat' dir='ltr'><strong>scriptionem</strong></span> <span class='ocrx_word' id='word_1_112' title='bbox 686 2445 792 2488; x_wconf 87' lang='lat' dir='ltr'><strong>libri</strong></span> <span class='ocrx_word' id='word_1_113' title='bbox 818 2445 935 2488; x_wconf 84' lang='lat' dir='ltr'><strong>inter</strong></span> <span class='ocrx_word' id='word_1_114' title='bbox 961 2449 1006 2488; x_wconf 92' lang='lat' dir='ltr'><strong>et</strong></span> <span class='ocrx_word' id='word_1_115' title='bbox 1033 2445 1263 2510; x_wconf 79' lang='lat' dir='ltr'><strong>editionem</strong></span> <span class='ocrx_word' id='word_1_116' title='bbox 1288 2446 1550 2501; x_wconf 88' lang='lat' dir='ltr'><strong>intercessit,</strong></span> 
     </span>
     <span class='ocr_line' id='line_1_19' title="bbox 129 2532 1553 2588; baseline 0.002 -14"><span class='ocrx_word' id='word_1_117' title='bbox 129 2544 288 2575; x_wconf 89' lang='lat' dir='ltr'><strong>moram</strong></span> <span class='ocrx_word' id='word_1_118' title='bbox 315 2546 408 2577; x_wconf 90' lang='lat' dir='ltr'><strong>cum</strong></span> <span class='ocrx_word' id='word_1_119' title='bbox 441 2534 665 2576; x_wconf 84' lang='lat' dir='ltr'><strong>consilium</strong></span> <span class='ocrx_word' id='word_1_120' title='bbox 692 2537 783 2581; x_wconf 21' lang='lat' dir='ltr'><strong>,tum</strong></span> <span class='ocrx_word' id='word_1_121' title='bbox 811 2532 998 2575; x_wconf 85' lang='lat' dir='ltr'><strong>amicitia</strong></span> <span class='ocrx_word' id='word_1_122' title='bbox 1024 2532 1395 2588; x_wconf 80' lang='lat' dir='ltr'><strong>interposuerunt3</strong></span> <span class='ocrx_word' id='word_1_123' title='bbox 1460 2547 1553 2577; x_wconf 86' lang='lat' dir='ltr'><strong>eam</strong></span> 
     </span>
     <span class='ocr_line' id='line_1_20' title="bbox 130 2621 1522 2678; baseline 0.001 -15"><span class='ocrx_word' id='word_1_124' title='bbox 130 2624 270 2664; x_wconf 82' lang='lat' dir='ltr'><strong>autem</strong></span> <span class='ocrx_word' id='word_1_125' title='bbox 296 2624 345 2664; x_wconf 84' lang='lat' dir='ltr'><strong>ut</strong></span> <span class='ocrx_word' id='word_1_126' title='bbox 372 2623 498 2677; x_wconf 81' lang='lat' dir='ltr'><strong>aequi</strong></span> <span class='ocrx_word' id='word_1_127' title='bbox 525 2623 709 2678; x_wconf 84' lang='lat' dir='ltr'><strong>bonique</strong></span> <span class='ocrx_word' id='word_1_128' title='bbox 737 2623 948 2675; x_wconf 73' lang='lat' dir='ltr'><strong>consulaS,</strong></span> <span class='ocrx_word' id='word_1_129' title='bbox 976 2621 1283 2676; x_wconf 72' lang='lat' dir='ltr'><strong>optatissimum</strong></span> <span class='ocrx_word' id='word_1_130' title='bbox 1310 2622 1413 2666; x_wconf 84' lang='lat' dir='ltr'><strong>mihi</strong></span> <span class='ocrx_word' id='word_1_131' title='bbox 1443 2627 1522 2665; x_wconf 86' lang='lat' dir='ltr'><strong>est.</strong></span> 
     </span>
    </p>
   </div>
  </div>
 </body>
</html>
