1961 3338
852 277 1181 326 -fflr—

304 393 383 436 bus
410 392 654 448 eruditique
683 392 946 444 viderentur,
974 403 1098 445 quam
1125 404 1154 436 a
1179 391 1443 448 reipublicae
1470 400 1552 431 usu
1587 387 1735 431 civ-iffi

305 477 388 519 que
415 463 513 512 vita
537 463 806 520 Prudentiam
844 461 1075 509 cosmati.
1130 464 1318 508 Necesse
1352 462 1490 518 igitur
1537 459 1659 513 erat,
1688 462 1738 502 ut

307 536 545 583 domestica
571 535 803 589 disciplina
826 533 1172 587 instituerentur,
1190 535 1264 590 qui
1292 535 1348 577 ad
1369 531 1737 593 ,gerendmssrem-

305 608 519 663 publicam
537 618 772 661 causasque
796 604 988 660 agendas
1004 604 1184 652 vellent:
1200 606 1428 662 proficere.
1465 602 1738 649 Tudebsnir

308 684 451 729 autem
476 679 592 728 haec
613 676 845 733 disciplina
870 676 917 720 in
946 676 1330 724 Grammaticorum
1355 678 1491 730 ludis3
1509 676 1742 720 Gramma·-

309 752 388 794 tici
417 752 527 793 euim
553 755 727 798 veteres
754 750 885 800 etiam
910 749 1184 795 Rhetoricam
1210 750 1433 804 docebant,
1443 753 1494 793 et
1518 754 1737 803 utramque

309 815 446 868 artem
473 821 647 878 scriptis
676 823 961 866 excoluerunt
991 820 1039 876 ²).
1095 822 1153 866 ni
1189 827 1316 867 erant
1341 823 1455 876 ludi,
1491 823 1539 866 in
1575 821 1738 878 quibus,

307 896 517 947 edicente
539 893 730 950 Crasso,
750 892 936 948 majores
972 894 1138 938 liberos
1175 898 1277 938 suos
1322 894 1505 949 discere,
1539 894 1589 937 in
1634 905 1740 950 quos

306 969 420 1010 itare
453 967 699 1024 voluissent
726 965 798 1020 2)-
827 960 1215 1022 Conjungebantur
1261 967 1325 1010 ibi
1373 979 1467 1010 cum
1511 966 1740 1009 literarum

304 1039 475 1093 notitia,
503 1051 597 1082 cum
624 1051 806 1095 poeseos
832 1037 1125 1095 historiaeque
1153 1039 1338 1083 Latinae
1375 1037 1646 1094 expositione
1673 1038 1742 1081 in-

309 1110 583 1163 stimtionum,
605 1110 892 1154 oratoriarum
908 1121 1083 1166 =genera
1110 1111 1326 1169 quaedam,
1359 1110 1518 1160 f'utmis
1557 1110 1742 1154 oratori-

311 1184 393 1227 bus
420 1183 671 1226 necessaria
688 1182 738 1236 3).
765 1183 841 1226 Sic
868 1184 1096 1238 accipimus
1123 1185 1330 1238 Persium,
1355 1184 1566 1227 hominem
1591 1183 1743 1226 litera-

311 1259 410 1309 tum,
439 1257 626 1310 suaeque
656 1255 815 1298 aetatis
842 1255 1141 1309 doctissimum,
1177 1256 1395 1300 sententia
1429 1256 1741 1309 nonnullorum,

310 1328 531 1370 orationes
580 1327 809 1381 scripsisse
850 1328 1029 1381 Fannio,
1067 1327 1113 1372 C.
1149 1329 1241 1372 filio
1268 1325 1328 1381 “);
1371 1327 1591 1371 Aurelium
1642 1327 1744 1382 Opi-

308 1401 414 1443 lium
440 1399 620 1454 primum
645 1397 973 1453 philosophiam,
1002 1399 1157 1442 deinde
1186 1397 1473 1451 Rhetofieam,
1508 1397 1743 1440 novissime

311 1470 642 1516 Grammaticam
669 1467 902 1521 docentem,
919 1482 1024 1511 -cum
1045 1469 1210 1512 Rutilio
1227 1470 1338 1512 Rufo
1360 1471 1513 1512 exsule
1532 1468 1745 1520 Smyrnae

311 1542 587 1595 consenuisse
619 1539 678 1595 ε’);
722 1541 896 1584 Metelli
931 1541 1154 1594 Numidici,
1197 1541 1301 1584 item
1339 1541 1518 1595 exsulis,
1552 1541 1745 1583 comitem

309 1614 446 1656 fuisse
474 1613 644 1656 Aelium
671 1612 883 1657 Stilonem
912 1611 966 1667 ⁶).
1021 1613 1253 1672 Latissime
1281 1613 1416 1669 igitur
1443 1613 1568 1656 initio
1596 1612 1748 1656 Gram-

307 1687 558 1731 maticormn
585 1699 735 1729 munus
761 1685 914 1740 patuit.
954 1687 1114 1728 Postea
1141 1686 1316 1738 demmn,
1345 1685 1545 1728 discretis
1572 1686 1739 1740 profes-

312 1759 518 1809 sionibus,
546 1758 614 1799 sui
641 1757 810 1812 utrique
840 1757 927 1798 arti
954 1758 1063 1798 flues
1092 1761 1192 1798 sunt
1219 1757 1440 1798 constituti
1472 1756 1521 1809 ⁷).

397 1829 619 1873 Extremis
666 1828 836 1872 scilicet
884 1827 1034 1872 Crassi
1079 1829 1340 1891 temporibus
1390 1830 1563 1872 exstitit
1607 1842 1744 1884 genus

312 1901 428 1944 istud
443 1901 806 1957 'magistellorm
835 1900 888 1942 de
917 1901 1070 1957 quibus
1091 1900 1275 1944 Crassus
1294 1901 1402 1956 apud
1425 1901 1675 1944 Ciceronem
1684 1899 1745 1955 ⁸):

311 1976 495 2029 „Rerum
535 1977 603 2018 est
639 1974 769 2026 sylva
803 1986 972 2029 magna,
1010 1986 1133 2029 quam
1173 1986 1297 2028 quum
1334 1973 1495 2016 Graeci
1533 1972 1623 2028 jam
1659 1987 1746 2017 non

314 2050 529 2100 tenerent,
566 2046 620 2089 ob
661 2058 835 2101 eamque
872 2057 1043 2088 causam
1073 2044 1278 2100 juventus
1317 2049 1468 2088 nostra
1506 2045 1747 2088 dedisceret

676 2114 696 2147 x

361 2200 393 2252 ¹)
423 2197 538 2241 Suet.
565 2197 629 2239 De
658 2197 720 2242 111.
749 2196 818 2242 Gr.
844 2198 885 2243 4.
1503 2234 1510 2240 .

358 2256 392 2306 2)
423 2254 483 2298 ld.
510 2253 576 2294 De
605 2254 666 2295 Cl.
693 2253 819 2295 Rhet.
851 2257 885 2297 1.
914 2252 1009 2294 Non
1036 2257 1135 2306 puto
1163 2253 1409 2307 probandam
1437 2244 1628 2293 Ellendtii
1663 2255 1745 2307 opi-

423 2309 594 2356 nionem,
630 2308 747 2350 ludos
784 2308 889 2357 illos,
924 2320 950 2349 a
974 2306 1136 2360 Crasso
1173 2308 1210 2349 si
1239 2307 1431 2356 nificatos,
1468 2307 1665 2352 literarios
1692 2308 1746 2351 ad

425 2364 643 2406 Etruscam
671 2364 925 2419 disciplinam
951 2363 1175 2407 referentis.
1240 2364 1390 2418 rolegg.
1417 2378 1457 2418 p.
1490 2364 1552 2409 14.

359 2420 390 2472 ³)
420 2420 483 2462 Cf.
512 2419 754 2472 Bernhardy
781 2419 861 2474 Op.
889 2420 916 2461 l.
945 2432 985 2474 p.
1015 2422 1079 2464 23.

357 2475 391 2527 ¹*)
421 2476 506 2518 Cic.
534 2474 660 2517 Bruto
691 2475 756 2520 26.
781 2474 846 2517 De
875 2474 988 2518 Orat.
1016 2478 1070 2519 11.
1099 2475 1138 2517 6.

359 2531 391 2611 Σ)
422 2531 536 2572 Suet.
565 2529 629 2571 De
659 2531 721 2574 111.
750 2530 819 2574 Gr.
848 2531 887 2573 6.
916 2530 1146 2584 Symmach.
1174 2529 1307 2586 Epist.
1335 2532 1368 2574 1.
1398 2534 1462 2575 22.

355 2590 393 2749 Q}
418 2586 590 2737 {uagi
600 2586 882 2742 tagit-22³8&
909 2640 981 2686 Or.
1008 2639 1192 2684 Prooem.

463 2710 486 2737 e
555 2710 599 2737 ra
618 2728 628 2739 ι
722 2728 733 2740 o
817 2728 828 2741 ο
