1961 3338
964 293 1291 340 *qa-.-

524 412 612 450 tum
640 410 876 453 tribuerim.
936 403 1182 453 Obsoletum
1211 411 1324 453 enim
1353 411 1530 455 verbum
1559 413 1649 463 est3
1684 410 1730 452 in
1760 422 1841 466 quo

528 493 691 536 genere
721 483 963 537 indagando
981 483 1206 537 plurimum
1229 495 1387 538 operae
1408 483 1522 528 Stilo
1536 483 1691 539 posuit.
1712 482 1841 525 Glos-

523 554 705 596 sarium:
733 553 938 610 Dalisvus,
966 553 1110 607 ἄφρων,
1137 553 1294 609 ἄπειρος.

1107 644 1157 685 V.
1216 685 1223 690 ,

417 708 622 754 VARRO
648 712 701 754 de
727 709 783 752 L.
810 709 865 753 L.
900 709 1002 755 Vll.
1027 723 1071 768 p.
1100 715 1195 755 325.
1223 711 1385 769 Speny.

490 783 639 827 LUcA
666 782 775 826 Bos
805 783 1012 838 elephas3
1041 797 1118 825 eur
1144 785 1209 826 ita
1246 785 1304 826 sit
1340 786 1466 837 dieta,
1504 785 1666 827 duobus
1701 784 1837 825 modis

407 854 559 897 inveni
587 854 801 910 seriptum.
830 856 937 898 Nam
965 855 1013 898 in
1042 852 1092 899 C.
1120 851 1242 899 Aelii
1270 858 1588 900 commentario
1617 859 1735 899 erat:
1764 852 1834 900 Ab

408 923 600 982 Libycis
626 925 796 970 Lucas.
1316 918 1319 923 ’
1346 933 1365 946 ”

525 999 615 1041 IIoe
643 999 740 1041 loco
769 1000 934 1043 Miiller
960 1000 1063 1043 item
1091 1000 1226 1043 edidit
1255 997 1475 1044 Cornelii.
1496 1000 1563 1044 Cf.
1592 1001 1665 1043 Fr.
1695 1001 1770 1043 111.

1085 1090 1157 1131 VI.

402 1156 647 1202 FESTUS
674 1172 713 1201 v.
743 1157 897 1203 Miles.

482 1227 770 1273 MILITEM
806 1227 968 1274 Aelius
1008 1243 1039 1275 a.
1081 1231 1271 1275 mollitia
1306 1231 1382 1274 κατ’
1415 1232 1633 1286 ἅντῖφρασιν
1669 1232 1833 1277 dictum

403 1306 548 1357 putat,
569 1314 623 1344 eo
645 1303 763 1357 quod
780 1302 894 1345 nihil
908 1302 1056 1354 molle,
1074 1304 1155 1346 sed
1170 1306 1323 1358 potius
1346 1316 1555 1359 asperam
1579 1304 1684 1361 quid
1693 1310 1834 1360 yerat.

515 1375 737 1429 Interpres
767 1374 889 1416 Festi
917 1373 1025 1416 haec
1056 1376 1192 1417 verba
1229 1375 1422 1417 vindicat
1458 1375 1631 1418 stiloni.
1687 1377 1833 1431 Neque

511 1446 733 1488 immerito.
774 1448 975 1500 Namque,
1004 1450 1053 1487 ut
1082 1445 1355 1488 ordinarium
1382 1445 1591 1488 hominem
1620 1447 1835 1502 interpre-

511 1521 629 1559 tatus
658 1522 736 1571 est,
754 1518 826 1574 qui
853 1518 1023 1560 minime
1054 1518 1205 1559 ordine
1235 1518 1420 1571 viveret,
1445 1518 1509 1560 ita
1535 1518 1581 1560 in
1609 1519 1835 1562 absurdam

519 1588 678 1632 militis
705 1590 1007 1644 etymologiam
1034 1589 1248 1631 facillime
1276 1589 1369 1632 labi
1395 1589 1542 1644 potuit.

344 1748 350 1754 ·
410 1747 653 1816 msws
679 1763 717 1793 v.
745 1748 888 1793 Mina.
1068 1680 1164 1721 Ἧι

484 1818 703 1865 ΜΙΝΑΜ
722 1819 883 1866 Aelius
907 1824 1146 1865 vocitatam
1163 1824 1229 1865 ait
1250 1833 1478 1866 mammam
1498 1820 1687 1866 alteram
1713 1821 1832 1867 lacte

398 1892 689 1949 deficientem,
718 1897 849 1949 qnasi
876 1897 1092 1937 minorem
1119 1892 1328 1947 factam}

1076 1984 1191 2025 v111.

405 2053 648 2100 FESTUS
674 2068 713 2098 v.
740 2052 1010 2098 Molucrum.

485 2125 694 2170 Cloatius
713 2129 845 2170 etiam
866 2126 930 2181 (et
949 2124 1130 2179 Aelius)
1153 2129 1201 2169 in
1221 2125 1353 2170 libris
1371 2138 1607 2170 sacrorum
1634 2122 1827 2186 Mona-

398 2196 572 2244 cRUM
599 2196 727 2255 ajunt
756 2210 858 2242 esse
886 2198 1050 2253 liquam
1079 2197 1294 2253 quoddam
1324 2198 1602 2254 quadratum,
1641 2196 1715 2241 ubi
1748 2200 1827 2240 im-

392 2269 597 2313 molatur.

509 2342 574 2386 Cf.
602 2342 706 2397 Sup.
732 2356 773 2397 p.
802 2344 870 2384 57.
918 2342 1350 2384 Animadvertendum
1388 2345 1467 2394 est,
1496 2340 1708 2384 Cloatium
1743 2341 1827 2383 Ve-

505 2428 599 2457 rum
637 2419 681 2457 et
717 2415 884 2456 Aelium
920 2415 1135 2469 Stilonem
1175 2414 1367 2470 saepius·
1387 2413 1588 2469 componi=
1608 2426 1635 2456 a
1679 2414 1824 2456 Festo.

443 2543 446 2547 Ι
504 2488 628 2531 Vidd.
658 2490 731 2531 Fr.
759 2490 879 2530 XIII.
901 2489 1040 2529 XXII.
1060 2489 1216 2529 XXIV.
1246 2487 1424 2540 Quoties
1454 2491 1594 2529 autem
1626 2486 1823 2540 conjunc-

496 2561 573 2603 tim
600 2561 845 2612 laudantur,
874 2560 1068 2602 refertur
1098 2572 1242 2601 eorum
1271 2559 1488 2601 sententia
1524 2560 1579 2601 ad
1608 2559 1822 2602 voeabula

501 2631 609 2688 quae
637 2633 695 2675 ad
723 2645 849 2674 saera
875 2632 1108 2686 pertinent.
1139 2631 1256 2673 Unde
1285 2631 1553 2686 probabilius
1591 2631 1720 2674 etiam
1759 2631 1820 2683 fit,

501 2700 622 2748 Aelii
650 2717 804 2748 nomen
831 2703 901 2745 hie
929 2703 1203 2746 inserendum
1233 2716 1342 2746 esse.
