1961 3338
462 388 628 430 unicum
656 388 768 443 apud
803 401 882 431 nos
919 388 1133 444 specimen
1169 387 1333 441 orandi,
1373 387 1631 442 docendique
1666 386 1881 428 oratorias

455 464 586 513 artes,
615 462 674 503 Μ.
703 462 896 503 Tullius:
923 464 1021 515 post
1050 470 1182 514 quem
1200 463 1346 502 tacere
1373 457 1724 514 modestissimum
1750 458 1879 510 foret,

451 532 548 574 nisi·
566 536 611 575 et
637 532 878 575 rhetoricos
907 544 1006 574 suos
1044 532 1137 586 ipse
1177 532 1443 574 adolescenti
1481 531 1565 574 sibi
1605 532 1777 585 elapsos
1815 529 1880 572 di-

457 607 589 657 ceret,
619 607 664 645 et
689 604 735 645 in
762 601 966 645 oratoriis
994 601 1103 645 haec
1129 603 1310 656 minora,
1339 616 1447 659 quae
1484 602 1689 658 plerique·
1714 600 1882 644 deside-

448 679 562 728 rant,
591 675 732 717 sciens
759 672 1011 716 omisisset.“
1067 674 1139 715 Ex
1177 673 1261 715 hoe
1295 676 1392 716 loco
1429 675 1560 718 facile
1605 673 1882 727 intelligitur,

447 748 728 789 intervallum
754 746 972 800 temporiS,
1002 730 1116 800 quod
1140 745 1257 787 inter
1299 745 1477 789 Antonii
1504 746 1704 789 affectum
1731 757 1837 799 opus
1850 742 1885 797 ¹)

457 822 502 860 et
529 818 761 872 praeclara
789 817 1013 860 Ciceronis
1042 817 1207 872 scripta
1232 818 1417 860 medium
1431 874 1438 876 ξ
1453 819 1548 871 fuit,
1582 831 1669 859 non
1703 813 1885 859 destitu-

452 894 540 930 tum
567 889 704 931 fuisse
731 889 906 932 illorum
933 891 1079 945 opera,
1108 888 1181 946 qui
1207 888 1255 932 in
1282 888 1502 932 rhetorico
1540 903 1700 945 genere
1738 889 1885 932 elabo-

455 965 619 1014 rarent,
649 962 907 1016 scriptisque
935 961 1058 1003 illius
1086 961 1340 1016 disciplinae
1369 965 1518 1016 partes
1546 962 1767 1018 explicare
1796 964 1886 1004 stu-

454 1034 621 1076 derent.
651 1034 921 1090 Quamquam,
950 1033 1061 1090 quod
1089 1033 1193 1076 illos
1231 1033 1521 1085 Quintilianus
1549 1033 1638 1087 hic,
1679 1034 1752 1077 ubi
1787 1046 1886 1088 pro-

454 1107 702 1150 batissimos
750 1106 954 1160 deinceps
1003 1118 1149 1147 omnes
1200 1110 1399 1148 auctores
1451 1108 1663 1158 recenset,
1711 1105 1887 1148 silentio

459 1177 782 1232 praetermittit,
819 1179 926 1221 facit
962 1178 1143 1230 omnino,
1180 1182 1228 1219 ut
1264 1182 1469 1232 putemus,
1507 1178 1716 1220 Rhetores
1751 1177 1889 1219 maxi-

464 1262 574 1291 mam
602 1254 769 1304 partem
797 1250 932 1291 fuisse
961 1249 1140 1291 istorum
1169 1262 1193 1291 e
1220 1262 1407 1303 numero,
1428 1250 1500 1304 qui
1523 1249 1727 1293 Censorio
1748 1249 1892 1291 edicto
1943 1304 1946 1305 ⁷

458 1322 614 1363 docere
668 1320 875 1375 prohibiti
924 1325 1072 1362 essent
1100 1319 1161 1373 ²);
1228 1330 1333 1375 quos
1368 1321 1708 1363 ‘inclarescendi
1760 1322 1889 1363 causa

461 1392 678 1435 scribendi
705 1405 856 1433 munus
884 1396 983 1447 post
1011 1392 1162 1435 Crassi
1189 1397 1367 1435 mortem
1395 1392 1636 1448 suscepisse
1664 1393 1888 1448 probabile

456 1468 535 1507 est.
564 1466 632 1507 lta
660 1452 920 1506 memoratur
948 1465 1082 1506 Plotii
1110 1463 1164 1507 de
1184 1468 1316 1520 ῃεείιι
1343 1465 1458 1507 liber
1480 1463 1529 1518 3).
1556 1463 1604 1507 Ιιι
1621 1464 1720 1508 istis
1750 1468 1890 1508 autem

460 1537 599 1579 minus
629 1537 874 1579 celebribus
910 1536 1078 1579 Aelium
1119 1550 1282 1592 quoque
1319 1537 1541 1590 Stilonem,
1570 1530 1772 1593 quamvis*
1798 1539 1891 1580 lau-

462 1610 716 1652 dabiliorem
747 1609 1010 1663 scriptorem,
1029 1622 1190 1664 ponere
1218 1609 1368 1665 potuit,
1385 1610 1539 1665 quippe
1568 1609 1623 1652 ad
1643 1609 1891 1653 Ciceronem

462 1682 665 1724 laudibus
705 1681 940 1723 ornandum
989 1681 1216 1723 festinans.
1272 1681 1361 1724 Sed
1394 1680 1598 1724 habemus
1643 1681 1892 1724 Suetonium

461 1754 626 1795 diserte
656 1740 909 1806 tradentem,
938 1756 1114 1795 veteres
1138 1752 1449 1795 Grammaticos
1479 1753 1608 1795 etiam
1634 1752 1893 1796 rhetoricam

463 1826 684 1878 docuisse,¹
703 1838 754 1867 ac
781 1826 1007 1869 multorum
1036 1825 1088 1867 de
1117 1829 1296 1880 utraque
1327 1828 1422 1868 arte
1462 1825 1786 1868 commentarios
1814 1838 1894 1868 sua

465 1900 609 1940 aetate
638 1898 748 1938 ferri
775 1895 829 1949 ιι).
865 1899 1008 1947 Quare
1027 1910 1122 1939 non
1147 1897 1308 1951 dubito,
1337 1889 1462 1954 quum
1488 1899 1711 1941 veteribus
1740 1898 1893 1942 Gram-

461 1969 630 2012 maticis
660 1981 787 2011 unum
814 1969 999 2011 maxime
1030 1982 1310 2012 annumerare
1338 1970 1506 2013 Aelium
1542 1975 1751 2025 oporteat,
1787 1972 1890 2026 quin

466 2055 516 2084 re
546 2054 655 2084 vera
685 2041 737 2083 de
766 2040 988 2083 rhetorica
1016 2041 1254 2096 scripserit.

546 2113 786 2156 Videndum
809 2111 898 2167 jam
928 2117 1007 2166 est,
1036 2113 1092 2155 ad
1120 2126 1244 2168 quam
1273 2086 1457 2156 aetatem
1494 2114 1599 2157 libri
1638 2114 1693 2156 ad
1729 2115 1896 2158 Heren-

467 2187 584 2229 nium
612 2186 764 2241 scripti
792 2186 1014 2228 referendi
1044 2186 1144 2228 sint.
1172 2185 1292 2229 Satis
1312 2190 1433 2229 certa
1453 2186 1643 2242 vestigia
1664 2187 1895 2242 continent,

473 2258 626 2313 quibus
665 2259 925 2312 declaratur,
961 2272 1047 2300 non
1086 2259 1222 2300 solum
1266 2259 1463 2314 antiquos
1511 2272 1619 2312 esse,
1656 2261 1731 2302 sed
1768 2260 1896 2304 etiam

470 2331 644 2384 primos,
675 2331 838 2385 quibus,
868 2343 952 2385 qua
980 2331 1071 2372 late
1100 2333 1262 2384 patent,
1290 2330 1525 2373 Rhetorica
1552 2331 1723 2374 Latinis
1752 2332 1897 2375 literis

519 2506 555 2556 ¹)
584 2503 649 2545 De
678 2517 757 2558 quo
786 2504 836 2544 cf.
865 2504 1084 2546 Westerm.
1114 2503 1191 2558 ΟΡ.
1220 2505 1246 2544 l.
1274 2518 1313 2558 Ρ.
1345 2504 1435 2545 111.
1464 2508 1544 2546 not.
1573 2506 1609 2547 ⁵.

516 2560 554 2611 ²)
584 2558 679 2601 Vid.
707 2558 823 2614 Disp.
853 2574 889 2600 n.
918 2574 956 2614 p.
985 2560 1179 2615 31-s-qq

521 2616 551 2667 ³)
581 2614 717 2663 Quint.
746 2614 841 2657 lnst.
872 2615 943 2658 Xl.
973 2617 1009 2659 3.
1039 2616 1133 2660 vid.
1153 2616 1370 2659 Westerm.
1389 2616 1467 2670 ΟΡ.
1487 2617 1513 2657 l.
1532 2631 1571 2671 Ρ.
1604 2617 1694 2659 137.
1722 2621 1804 2660 not.
1837 2617 1897 2660 19.

520 2671 559 2720 ⁴⁸)
589 2671 653 2712 De
682 2671 739 2711 111.
769 2671 837 2712 Gr.
867 2673 905 2712 4.
1471 2718 1473 2720 ,
