1961 3338
1488 322 1490 325 ,
1502 283 1551 328 V

131 406 213 445 nus
235 402 306 439 mc
328 364 602 443 divertebat,
622 387 830 440 ‘prudenti
866 385 1048 431 exordio
1095 385 1338 438 professus:
1384 379 1560 424 Dabam

133 483 289 534 oum*
310 479 360 520 at
385 470 654 528 marmorato
682 473 951 519 inventionis
984 483 1153 522 amore,
1187 468 1441 525 diligentius
1488 481 1559 515 re«.

130 568 295 625 petitos
321 559 466 607 libros
486 562 714 615 ,tanquam
748 557 891 603 lector
923 557 1253 616 per-panderem.
1309 556 1556 605 Laudabant

53 631 55 637 Ι
132 652 220 695 viri
246 647 482 699 consilium,
508 654 749 700 moremque
765 647 896 700 *gessi
932 647 1093 700 optima
1124 645 1385 701 pulcerrime
1432 655 1560 699 prae·

134 738 323 794 cipienti.
358 737 450 780 Nec
476 736 609 778 facile
636 748 702 778 me
730 736 838 780 facti
864 736 1087 790 poenituit.
1142 736 1263 785 Nam
1291 734 1414 788 coepi
1442 733 1557 774 diffi-

132 826 249 879 dere,
300 823 535 880 pensitare,
579 822 807 875 dubitare,
832 822 986 865 mirari
1034 822 1216 876 omnino,
1268 825 1355 864 tam
1400 821 1558 876 impru-

132 912 285 955 denter
318 922 385 961 me
425 910 554 964 paulo
591 913 693 951 ante
744 913 914 963 tamque
958 909 1225 951 confidenter
1273 909 1558 951 existimasse·

133 1002 224 1050 Quo
252 999 398 1050 fiebat,
426 1002 475 1043 ut
502 1010 625 1051 quum
651 1010 740 1038 non
766 996 947 1050 amplius
974 996 1120 1037 facilis
1155 996 1239 1037 mei
1279 996 1423 1049 operis
1462 997 1557 1043 lau·

135 1087 262 1130 dator
295 1086 372 1128 sed
406 1089 604 1140 tanquam
640 1084 775 1126 alieni
815 1085 995 1128 acerbus
1026 1083 1164 1138 judex
1191 1085 1468 1137 exstitissem,
1505 1085 1552 1126 in

131 1174 267 1216 multa
293 1172 405 1215 vitia
443 1171 687 1225 inciderem,
728 1184 835 1228 quae
872 1172 1077 1226 fugerant
1114 1172 1392 1214 festinantius
1429 1172 1559 1214 confi,

132 1261 325 1317 cientem.
372 1262 477 1302 Post
504 1260 649 1302 literis
687 1260 743 1302 ad
780 1258 1004 1310 Geelt‘um,
1031 1261 1082 1302 V.
1112 1259 1190 1312 CL,
1218 1260 1344 1313 datis,
1386 1259 1467 1308 hoc
1503 1259 1558 1301 ab

132 1347 432 1394 humanissimo
462 1347 557 1390 viro
585 1346 796 1402 flagitavi,
824 1352 873 1389 ut
909 1348 985 1390 sub
1027 1348 1193 1403 ingenii
1230 1361 1404 1390 acumen
1441 1349 1560 1408 lucu-5

136 1436 376 1480 litationem
402 1447 536 1478 meam
566 1439 757 1478 vocaret.
813 1435 1016 1486 Quamvis
1045 1436 1147 1478 aliis
1175 1435 1395 1478 districtus
1428 1448 1563 1497 negof
1592 1472 1594 1474 ,

134 1524 222 1577 tiis,
251 1523 383 1565 otium
408 1522 513 1565 mihi
540 1536 658 1565 sumn
685 1523 872 1578 largitus
902 1527 980 1576 est,
1006 1523 1283 1578 probatisque
1313 1523 1428 1576 aliis,
1468 1524 1559 1566 alia

131 1611 337 1664 correxit,
353 1611 488 1653 multa
507 1611 750 1653 accuratius
777 1610 967 1672 reddidit
994 1611 1324 1666 investiganda3
1351 1611 1558 1654 universe

129 1699 420 1756 gratissimam
444 1697 550 1740 mihi
578 1710 750 1753 operam
777 1698 1131 1753 utilissimamque
1160 1699 1393 1753 praestitit,
1434 1712 1559 1754 quam

52 1780 54 1782 ’
127 1799 214 1834 non
239 1786 378 1828 minus
406 1788 558 1840 gratus
587 1797 786 1840 agnosco,
804 1798 926 1840 qnam
944 1784 1009 1828 Cl.
1028 1783 1304 1828 Goudoevm
1329 1786 1375 1829 in
1407 1786 1555 1829 eadem

129 1873 376 1930 quaestione
400 1872 632 1927 judicanda
658 1875 885 1928 praeclare
914 1873 967 1916 de
996 1886 1066 1916 me
1097 1873 1243 1917 meriti
1272 1875 1557 1929 sagacitatem

129 1965 174 2004 et
199 1961 546 2004 benivolentiam.

210 2082 301 2123 Nec
329 2094 435 2123 vero
464 2085 512 2122 tu
537 2081 754 2146 quievisti,
783 2094 810 2123 a
837 2094 919 2136 quo
947 2081 1207 2123 simillimum
1235 2083 1448 2125 amicitiae
1478 2084 1552 2126 do-

128 2173 361 2212 cumentum
387 2169 629 2225 impetravi.
658 2170 914 2225 Quamquam
941 2183 1021 2212 nec
1047 2169 1222 2213 facilem
1251 2175 1295 2213 te
1331 2170 1462 2215 habui
1484 2172 1555 2226 ju-

129 2258 273 2312 dicem,
301 2271 382 2301 nec
410 2263 571 2301 temere
600 2258 916 2301 assentientem.
964 2258 1081 2300 Adeo
1111 2259 1223 2300 enim
1250 2260 1452 2314 prudenti
1480 2265 1556 2304 tua

129 2345 414 2401 disputatione
454 2352 807 2403 argumentorum,
845 2348 996 2404 quibus
1034 2348 1185 2390 beatus
1215 2361 1344 2402 eram,
1374 2351 1554 2393 tentasti

128 2430 252 2475 fidem
287 2428 332 2477 et
366 2436 724 2501 probabilitatem,
752 2440 800 2478 ut
833 2436 1131 2491 propemodum
1167 2438 1297 2478 cansa
1333 2450 1399 2479 me
1444 2438 1561 2480 ceci--⁴

128 2523 244 2564 disse
272 2524 613 2581 redeundumque
641 2525 743 2568 mihi
783 2525 840 2567 ad
879 2524 1104 2580 pristinam
1151 2525 1327 2567 consilii
1367 2526 1553 2580 inopiam

131 2594 436 2652 existimarem.
490 2614 586 2655 Non
612 2616 754 2654 tamen
775 2612 895 2660 ¹istuc
928 2616 1003 2654 tua
1042 2612 1307 2668 spectabant.
1364 2614 1552 2656 Volebas

125 2701 337 2741 attentum
374 2699 556 2743 reddere
601 2704 645 2742 et
684 2700 881 2771 secundis
918 2700 1034 2742 curis
1082 2700 1332 2754 religiosius
1376 2701 1551 2755 singula
