1961 3338
421 386 548 429 quum
584 386 725 429 neque
760 385 847 426 res,
883 386 1022 427 neque
1057 384 1201 415 renim
1235 372 1407 415 nomina
1451 370 1610 414 usitata
1653 382 1705 413 ac
1741 372 1846 412 nota
1889 381 1893 385 ¹

424 448 573 487 essent
589 445 816 498 'Romanis
843 444 951 487 haec
978 443 1212 487 Rhetorica
1247 445 1304 487 ad
1340 443 1601 488 Herennium
1636 443 1844 486 Romam>

417 526 514 559 rum
532 517 687 572 *prima*
704 522 831 572 atque
859 516 1156 572 antiquissima
1183 528 1279 559 esse
1295 516 1504 560 habenda.
1531 514 1677 559 Potuit
1704 517 1844 556 autem
1936 570 1938 572 Ι

417 580 557 642 nouis,
572 588 890 632 veterumdide
921 592 966 630 et
992 588 1263 642 auctoritate,
1289 589 1473 631 maxime
1494 582 1718 644 probabile
1747 598 1843 655 esse

421 661 479 704 de·
504 660 737 704 Rhetorica
764 660 933 717 Aelium
961 660 1201 715 scripsisse.
1258 660 1380 711 Quod
1420 661 1460 702 si
1494 658 1648 714 negari
1684 657 1844 713 nequit,

422 734 555 774 cansa
601 736 679 784 est,
715 744 795 773 cur
833 732 1138 785 existimemus,
1177 731 1357 786 primum
1390 731 1513 775 illum
1550 731 1602 774 de
1643 742 1701 790 vea
1748 733 1852 772 arte>
1890 741 1894 743 ’
1927 774 1935 780 ,

422 803 624 845 subtilius
653 807 712 845 et.
734 803 873 846 fusius
908 804 1173 859 exposuisse,
1209 808 1268 856 ut,
1306 803 1378 858 qui
1417 808 1518 846 ante
1555 815 1647 859 emn
1675 801 1847 856 experti

422 879 571 918 essent
608 876 815 931 quaedam
851 888 1115 942 componere,
1161 874 1268 920 Cato
1310 879 1357 919 et
1391 875 1612 929 Antonius,
1650 873 1763 930 ejus
1780 873 1847 917 in-
1905 891 1910 894 ·

419 947 589 991 dustria
614 954 936 1004 superarentur.
964 951 1070 992 Nam
1099 961 1222 1005 quum
1251 952 1448 1002 constet,
1459 948 1703 992 auctoribus
1718 947 1857 989 Aelio-
1877 1006 1880 1008 q
1903 961 1906 964 ·

426 1023 472 1062 et
499 1014 677 1073 Servio,-
701 1021 990 1064 Grammatica
1017 1021 1162 1064 studia
1188 1022 1358 1063 Romae
1376 1009 1627 1073 effloruisse,
1642 1018 1848 1083 coujunc-

421 1096 492 1134 tas
521 1095 663 1134 autem
683 1092 825 1134 fuisse
856 1105 907 1135 eo
936 1094 1129 1148 tempore
1157 1092 1489 1141 Grammaticus
1498 1095 1553 1133 et
1582 1081 1848 1150 Rhetoricae
1938 1120 1941 1124 -

421 1164 745 1218 professiones,
756 1164 890 1213 facile
917 1164 961 1209 in
992 1176 1086 1207 eam
1127 1159 1389 1206 sententiam
1396 1163 1701 1222 perducimur,
1740 1162 1849 1222 utri-

412 1247 581 1291 usque
573 1236 696 1277 artis
725 1235 909 1278 studium
937 1235 1093 1288 illius
1084 1232 1193 1291 qui
1202 1236 1349 1278 senior
1373 1217 1532 1318 esset,
1530 1228 1739 1290 'scriptis
1759 1234 1848 1289 pri-

425 1318 536 1349 mum
563 1307 783 1348 excultum
811 1311 856 1348 et
882 1311 1150 1361 provectum
1159 1319 1269 1369 esse.
1847 1319 1849 1322 ⁴

510 1378 590 1420 His
618 1378 821 1446 universe
848 1379 1138 1447 praemonitis,
1156 1379 1403 1433 peculiaria
1421 1351 1756 1433 persequamur.
1798 1379 1850 1419 In
1913 1359 1940 1400 ⁴⁴

351 1459 352 1462 ’
429 1450 582 1518 quibus
609 1450 800 1504 primum,
829 1463 937 1505 quae
966 1451 1019 1493 de
1049 1451 1269 1493 doctrinae
1306 1451 1441 1506 copia,
1480 1450 1653 1509 qualem
1687 1450 1733 1497 in
1767 1450 1852 1493 He-

427 1521 641 1567 renniano
688 1522 862 1565 doctore
911 1523 1201 1591 ωςιιονίιιιιιε,
1246 1524 1429 1576 dicenda
1474 1522 1692 1573 videntur,
1739 1520 1854 1580 haud

427 1593 577 1634 aliena
613 1597 714 1634 sunt
750 1594 804 1635 ab
849 1593 971 1641 Aelii
1009 1606 1234 1649 persona.
1266 1581 1459 1650 Utrique
1490 1592 1603 1655 enim
1643 1596 1855 1636 accurata

430 1663 696 1708 Graecarum
732 1669 778 1709 et
821 1667 1073 1709 Latinarum
1120 1667 1344 1718 literarum
1376 1652 1601 1721 cognitio
1629 1665 1873 1724 communis·

428 1737 513 1778 fuit
530 1736 578 1790 ¹).
607 1737 729 1788 Quod
757 1741 899 1780 autem
926 1738 1006 1780 ille
1035 1739 1088 1781 de
1120 1752 1167 1781 se
1194 1740 1360 1783 fatetur
1373 1737 1430 1792 2);
1460 1750 1571 1791 „non
1600 1750 1675 1792 spe
1704 1750 1857 1792 quaes-

430 1812 503 1850 tus
530 1813 606 1851 aut
632 1810 802 1863 gloriae
841 1811 1034 1852 commoti
1075 1811 1269 1853 venimus
1310 1812 1366 1853 ad
1401 1811 1681 1864 scribendum,
1717 1822 1858 1865 quem-

430 1879 653 1923 admodum
675 1881 822 1934 ceteri,
853 1882 929 1923 sed
957 1887 1004 1924 ut
1030 1882 1244 1925 industria
1269 1887 1421 1925 nostra
1446 1886 1547 1925 tuae
1575 1894 1734 1924 morem
1780 1894 1855 1936 ge-

431 1964 577 1997 ramus
607 1952 872 1995 voluntati“:
902 1954 1104 1995 convenit
1140 1955 1185 1996 in
1213 1954 1392 2009 Aelium,
1422 1955 1605 2010 equitem
1632 1955 1862 1997 Romanum

432 2037 526 2068 enim
553 2025 709 2081 primis
735 2025 971 2080 honestum,
999 2025 1119 2080 cujus
1156 2040 1242 2069 non
1280 2032 1407 2079 esset,
1444 2027 1753 2069 mercenarium
1789 2028 1857 2067 lu-

431 2097 528 2139 dm
549 2098 741 2152 aperire,
771 2098 848 2140 sed
875 2098 1117 2154 gratificari
1145 2098 1363 2142 studiosae
1385 2097 1616 2154 juventuti,
1635 2111 1742 2154 quae
1763 2112 1858 2149 eru-

424 2169 517 2212 diri
544 2168 699 2212 human
708 2170 831 2213 itatis
859 2171 1100 2226 disciplinis
1130 2172 1281 2213 vellet.

519 2242 656 2283 Porro
684 2244 862 2297 nepotia
888 2237 1158 2295 familiaria,
1203 2243 1354 2298 quibus
1395 2242 1588 2298 queritur
1624 2245 1772 2283 auctor
1810 2255 1858 2283 se

432 2313 632 2366 impediri
653 2313 872 2367 quominus
893 2314 1033 2355 studio
1053 2314 1325 2368 suppeditare
1342 2314 1449 2356 satis
1465 2313 1613 2368 possit,
1630 2306 1859 2356 Schutzius

434 2383 750 2439 interpretatur
779 2385 831 2427 de
862 2386 1110 2441 quotidiana
1135 2386 1376 2429 familiares
1403 2387 1434 2429 i.
1462 2379 1500 2427 e.
1528 2385 1758 2440 discipulos
1787 2386 1860 2427 do-

438 2456 562 2498 cendi
592 2469 724 2513 opera
738 2455 788 2511 ³).
817 2458 949 2501 Recte
968 2459 1147 2514 quidem,
1171 2471 1320 2502 verum
1346 2459 1480 2502 latius
1506 2462 1656 2514 patere
1683 2458 1861 2514 negotia

471 2563 507 2612 ¹)
535 2562 670 2616 Supra
696 2576 736 2616 p.
765 2562 830 2604 50.
859 2575 950 2616 sqq.
981 2561 1145 2603 Schutz.
1173 2559 1354 2601 Prooem.
1381 2573 1422 2615 p.
1451 2559 1515 2602 59.

466 2615 634 2669 2)ιι.

468 2672 632 2726 ³)L..1
