1961 3338
630 219 957 310 -ης-

764 382 838 423 lx.
943 396 955 416 x

89 453 355 504 ΡΙιῙΝΙῧΒ
370 451 496 499 Hist.
517 451 624 497 ·.Nat
654 450 792 499 XIV.
819 456 872 497 13
900 452 1019 507 (15)

173 516 435 573 lautissima
462 526 573 581 apud
598 526 764 581 priscos
790 526 898 568 vina
916 526 1043 566 erant
1065 521 1349 565 minim
1378 506 1510 564 odore

90 602 273 652 condita,
299 603 363 639 ut
374 602 553 652 apparet
578 598 625 640 in
654 598 824 640 Plauti
820 597 995 649 fabula,
1036 583 1145 651 quae
1181 596 1320 638 Persa
1357 595 1510 636 inscri-

88 672 216 724 bitur,
242 675 488 725 quamquam
513 668 560 710 in
588 680 642 711 ea
668 671 714 711 et
743 669 953 734 calamum
976 666 1077 709 addi
1098 665 1234 721 jubet.
1280 665 1392 707 Ideo
1421 666 1512 720 qui-

82 744 183 785 dam
211 741 435 783 aromatite
464 741 699 782 delectatos
727 730 910 782 maxime
924 737 1143 780 credumt.
1172 762 1226 768 -
1255 738 1512 781 Scaevolam

89 826 252 872 quoque
280 815 326 855 et
351 806 559 856 Laelium
584 816 629 855 et
656 803 841 867 Attcjum
870 810 1120 868 Capitonem
1154 810 1201 853 in
1239 804 1386 853 eadem
1414 823 1511 853 sen-

87 886 227 928 tentia
252 885 387 926 fuisse
416 885 555 936 video,
585 885 780 938 quoniam
806 884 854 924 in
882 883 1095 925 Pseudolo
1123 884 1201 924 sit:

91 969 218 1022 Quo'd
239 972 276 1012 si
295 961 406 1026 opus
433 973 526 1019 siet,
553 975 601 1012 ut
625 971 742 1012 dulce
768 973 926 1025 promat
955 969 1142 1018 indidem,
1170 970 1314 1024 ecquid
1340 969 1493 1012 habet?

89 1036 209 1080 Char.
237 1035 406 1091 Rogas²

88 1100 347 1146 Muri-hinem,
374 1112 553 1152 passum,
582 1097 802 1144 defrutum,
821 1096 952 1137 mella.

201 1188 285 1233 cff.
313 1200 420 1243 quae
448 1202 489 1242 p.
516 1190 584 1229 3⁷.
611 1186 855 1228 monuimus.
880 1185 1062 1229 Videtur
1088 1185 1225 1241 igitur
1260 1180 1420 1229 Aelius
1446 1198 1517 1228 rc-

198 1260 418 1316 ponendus
455 1272 563 1312 esse,
602 1271 660 1300 ex
696 1258 817 1312 cujus
855 1258 1072 1300 lodicibus
1109 1256 1157 1300 in
1199 1258 1351 1300 Plauti
1398 1259 1514 1301 sabb.

200 1332 417 1387 ambiguas
444 1330 553 1373 haec
578 1331 767 1373 fortasse
797 1327 966 1374 Plinius
993 1329 1214 1385 repetivit.
1256 1330 1351 1373 vid.
1380 1330 1514 1373 Hadr-

199 1404 354 1446 Junius
380 1402 632 1445 Animadvv.
660 1403 710 1445 V.
739 1406 805 1444 19.

170 1510 175 1513 ,
775 1476 830 1515 Χ.

91 1543 407 1591 ARNOBIUS
434 1545 528 1588 adv.
558 1543 684 1589 Gent.
713 1542 803 1588 III.
830 1549 899 1589 38.

169 1612 525 1661 NOVENSILES
554 1617 655 1660 Piso
685 1619 798 1660 Deos
828 1630 924 1661 csse
954 1618 1093 1660 credit
1119 1630 1273 1660 novem
1312 1618 1359 1660 in
1387 1618 1513 1661 Sabi-

89 1691 157 1733 nis
186 1690 296 1744 apud
325 1690 529 1732 Trebiam
558 1690 823 1732 constitutos.
859 1691 949 1733 Hos
978 1690 1167 1733 Granius
1195 1687 1359 1733 Musas
1383 1694 1517 1745 putat,

91 1769 342 1803 consensum
371 1760 688 1803 accommodans
716 1756 860 1804 Aelio.

201 1830 268 1874 Cf.
296 1844 331 1871 c.
358 1833 426 1872 39.
454 1831 596 1872 Varro
625 1831 689 1873 De
717 1831 768 1873 L.
796 1831 846 1873 L.
874 1832 925 1873 V.
953 1834 1021 1873 74.
1062 1829 1339 1875 Novem-ides
1375 1843 1405 1874 a
1432 1830 1520 1874 Sa-

201 1899 329 1945 binis.
356 1901 451 1943 Vid.
480 1903 591 1944 Mar.
618 1902 780 1945 Victor.
808 1916 848 1958 p.
876 1905 1002 1945 24⁷0.
1033 1902 1191 1945 Putsch
1219 1926 1273 1933 —
1302 1904 1517 1946 Hereldus

200 1973 249 2015 in
275 1971 431 2015 Annot:
459 1974 514 2016 ad
541 1969 699 2017 Arhob.
727 1989 767 2030 p.
796 1979 891 2017 169.
933 1975 1069 2017 Orcll.
1105 1974 1271 2016 Aelium
1307 1975 1519 2018 Stilonem

205 2045 444 2100 significari
471 2049 605 2100 putat.
633 2046 714 2088 Est
740 2049 882 2088 tamen
910 2058 1029 2088 mera
1064 2046 1262 2101 suspicio.
1319 2046 1518 2091 Animad-

205 2117 457 2159 vertendum
484 2121 639 2170 tamen,
667 2117 708 2158 h.
737 2118 767 2159 l.
794 2118 845 2159 L.
875 2117 1151 2172 Calpurnium
1190 2118 1389 2161 Pisonem
1418 2133 1517 2161 con-

201 2186 328 2242 jungi
356 2200 449 2229 cum
469 2186 606 2241 Aelio,
626 2200 653 2230 a
681 2199 764 2243 quo
793 2188 1006 2231 dissentit.
1033 2189 1246 2232 Similiter
1275 2190 1386 2244 apud
1412 2192 1522 2233 Var-

208 2271 357 2301 ronem
386 2258 480 2314 (Fr.
510 2258 605 2313 111.)
643 2260 695 2302 de
733 2261 832 2303 lacu
873 2259 1023 2304 Curtio
1060 2261 1162 2303 Piso
1203 2265 1248 2304 et
1286 2261 1334 2304 C.
1374 2261 1523 2306 Aelius

209 2335 508 2384 memorantur,
535 2332 609 2374 ubi
643 2332 754 2388 quod
782 2332 1003 2387 corrigunt
1039 2330 1293 2384 Cornelius,
1334 2334 1426 2387 etsi
1454 2348 1523 2376 co-

209 2400 346 2445 dicum
373 2404 456 2446 fide
485 2392 663 2458 nitatur,
691 2408 834 2448 tamen
863 2405 921 2448 cx
948 2404 1036 2448 loci
1074 2404 1311 2450 Arnobiani
1350 2407 1520 2450 ratione

215 2485 301 2515 non
328 2476 627 2519 necessarium·
647 2477 831 2521 videtur.

106 2604 347 2651 Fnsws
374 2621 412 2651 v.
441 2608 668 2665 Nuptiae:
774 2550 849 2591 XL

188 2675 462 2723 NUPTIAS
476 2677 637 2726 Aelius
665 2686 708 2726 et
728 2680 915 2727 &incius
942 2682 1088 2727 dictas
1115 2695 1219 2728 esse
1247 2682 1388 2741 ajunt,
1417 2687 1522 2740 quia

1618 2227 1629 2439 ἱ
