<?xml version="1.0" encoding="UTF-8"?>
<!DOCTYPE html PUBLIC "-//W3C//DTD XHTML 1.0 Transitional//EN"
    "http://www.w3.org/TR/xhtml1/DTD/xhtml1-transitional.dtd">
<html xmlns="http://www.w3.org/1999/xhtml" xml:lang="en" lang="en">
 <head>
  <title>
</title>
<meta http-equiv="Content-Type" content="text/html;charset=utf-8" />
  <meta name='ocr-system' content='tesseract 3.04.00' />
  <meta name='ocr-capabilities' content='ocr_page ocr_carea ocr_par ocr_line ocrx_word'/>
</head>
<body>
  <div class='ocr_page' id='page_1' title='image "./4738125_0066.png"; bbox 0 0 1961 3338; ppageno 0'>
   <div class='ocr_carea' id='block_1_1' title="bbox 958 300 1288 353">
    <p class='ocr_par' dir='ltr' id='par_1_1' title="bbox 958 300 1288 353">
     <span class='ocr_line' id='line_1_1' title="bbox 958 300 1288 353; baseline 0 -16"><span class='ocrx_word' id='word_1_1' title='bbox 958 300 1288 353; x_wconf 66' lang='lat'>..50-</span> 
     </span>
    </p>
   </div>
   <div class='ocr_carea' id='block_1_2' title="bbox 339 417 1872 1838">
    <p class='ocr_par' dir='ltr' id='par_1_2' title="bbox 339 417 1872 1838">
     <span class='ocr_line' id='line_1_2' title="bbox 411 417 1835 474; baseline 0.001 -15"><span class='ocrx_word' id='word_1_2' title='bbox 411 417 553 459; x_wconf 76' lang='lat' dir='ltr'><strong>Varro</strong></span> <span class='ocrx_word' id='word_1_3' title='bbox 581 423 774 474; x_wconf 84' lang='lat' dir='ltr'><strong>rogatus,</strong></span> <span class='ocrx_word' id='word_1_4' title='bbox 802 431 879 461; x_wconf 91' lang='lat' dir='ltr'><strong>cur</strong></span> <span class='ocrx_word' id='word_1_5' title='bbox 906 417 1217 473; x_wconf 73' lang='lat' dir='ltr'><strong>philosophiam</strong></span> <span class='ocrx_word' id='word_1_6' title='bbox 1244 419 1395 462; x_wconf 85' lang='lat' dir='ltr'><strong>latinis</strong></span> <span class='ocrx_word' id='word_1_7' title='bbox 1430 418 1574 461; x_wconf 86' lang='lat' dir='ltr'><strong>literis</strong></span> <span class='ocrx_word' id='word_1_8' title='bbox 1609 417 1835 461; x_wconf 81' lang='lat' dir='ltr'><strong>illustrare</strong></span> 
     </span>
     <span class='ocr_line' id='line_1_3' title="bbox 416 488 1835 547; baseline 0.001 -16"><span class='ocrx_word' id='word_1_9' title='bbox 416 494 700 546; x_wconf 80' lang='lat' dir='ltr'>cunctaretur,</span> <span class='ocrx_word' id='word_1_10' title='bbox 728 491 960 546; x_wconf 80' lang='lat' dir='ltr'><strong>respondet</strong></span> <span class='ocrx_word' id='word_1_11' title='bbox 992 491 1050 540; x_wconf 58' lang='lat' dir='ltr'><strong>¹)‘z</strong></span> <span class='ocrx_word' id='word_1_12' title='bbox 1078 491 1259 544; x_wconf 87' lang='lat' dir='ltr'><strong>„Totum</strong></span> <span class='ocrx_word' id='word_1_13' title='bbox 1286 492 1397 535; x_wconf 91' lang='lat' dir='ltr'><strong>illud</strong></span> <span class='ocrx_word' id='word_1_14' title='bbox 1422 488 1718 547; x_wconf 69' lang='lat' dir='ltr'><strong>philosophiae</strong></span> <span class='ocrx_word' id='word_1_15' title='bbox 1747 493 1835 533; x_wconf 87' lang='lat' dir='ltr'><strong>stu-</strong></span> 
     </span>
     <span class='ocr_line' id='line_1_4' title="bbox 410 561 1835 617; baseline -0.001 -14"><span class='ocrx_word' id='word_1_16' title='bbox 410 562 523 603; x_wconf 88' lang='lat' dir='ltr'><strong>dium</strong></span> <span class='ocrx_word' id='word_1_17' title='bbox 550 562 653 604; x_wconf 91' lang='lat' dir='ltr'><strong>mihi</strong></span> <span class='ocrx_word' id='word_1_18' title='bbox 683 563 849 617; x_wconf 78' lang='lat' dir='ltr'><strong>quidem</strong></span> <span class='ocrx_word' id='word_1_19' title='bbox 876 563 968 616; x_wconf 90' lang='lat' dir='ltr'><strong>ipse</strong></span> <span class='ocrx_word' id='word_1_20' title='bbox 993 575 1108 603; x_wconf 87' lang='lat' dir='ltr'><strong>sumo</strong></span> <span class='ocrx_word' id='word_1_21' title='bbox 1138 566 1182 603; x_wconf 89' lang='lat' dir='ltr'><strong>et</strong></span> <span class='ocrx_word' id='word_1_22' title='bbox 1220 563 1275 604; x_wconf 91' lang='lat' dir='ltr'><strong>ad</strong></span> <span class='ocrx_word' id='word_1_23' title='bbox 1311 563 1430 605; x_wconf 87' lang='lat' dir='ltr'><strong>vitae</strong></span> <span class='ocrx_word' id='word_1_24' title='bbox 1471 561 1753 604; x_wconf 86' lang='lat' dir='ltr'><strong>constantiam</strong></span> <span class='ocrx_word' id='word_1_25' title='bbox 1789 564 1835 602; x_wconf 84' lang='lat' dir='ltr'><strong>et</strong></span> 
     </span>
     <span class='ocr_line' id='line_1_5' title="bbox 409 633 1835 690; baseline -0.001 -14"><span class='ocrx_word' id='word_1_26' title='bbox 409 634 465 676; x_wconf 89' lang='lat' dir='ltr'><strong>ad</strong></span> <span class='ocrx_word' id='word_1_27' title='bbox 493 634 820 677; x_wconf 77' lang='lat' dir='ltr'><strong>delectationem</strong></span> <span class='ocrx_word' id='word_1_28' title='bbox 848 633 989 687; x_wconf 86' lang='lat' dir='ltr'><strong>animi,</strong></span> <span class='ocrx_word' id='word_1_29' title='bbox 1028 634 1105 676; x_wconf 91' lang='lat' dir='ltr'><strong>sed</strong></span> <span class='ocrx_word' id='word_1_30' title='bbox 1139 647 1256 677; x_wconf 86' lang='lat' dir='ltr'><strong>meos</strong></span> <span class='ocrx_word' id='word_1_31' title='bbox 1294 635 1464 688; x_wconf 91' lang='lat' dir='ltr'><strong>amicos,</strong></span> <span class='ocrx_word' id='word_1_32' title='bbox 1492 635 1544 677; x_wconf 86' lang='lat' dir='ltr'><strong>in·</strong></span> <span class='ocrx_word' id='word_1_33' title='bbox 1574 633 1723 690; x_wconf 85' lang='lat' dir='ltr'><strong>quibus</strong></span> <span class='ocrx_word' id='word_1_34' title='bbox 1765 635 1835 675; x_wconf 84' lang='lat' dir='ltr'><strong>est</strong></span> 
     </span>
     <span class='ocr_line' id='line_1_6' title="bbox 413 703 1834 761; baseline -0.001 -15"><span class='ocrx_word' id='word_1_35' title='bbox 413 707 608 758; x_wconf 87' lang='lat' dir='ltr'><strong>studium,</strong></span> <span class='ocrx_word' id='word_1_36' title='bbox 636 706 682 747; x_wconf 91' lang='lat' dir='ltr'><strong>in</strong></span> <span class='ocrx_word' id='word_1_37' title='bbox 711 705 939 748; x_wconf 79' lang='lat' dir='ltr'><strong>Graeciam</strong></span> <span class='ocrx_word' id='word_1_38' title='bbox 966 707 1101 758; x_wconf 91' lang='lat' dir='ltr'><strong>mitto,</strong></span> <span class='ocrx_word' id='word_1_39' title='bbox 1130 709 1179 747; x_wconf 92' lang='lat' dir='ltr'><strong>ut</strong></span> <span class='ocrx_word' id='word_1_40' title='bbox 1206 719 1259 748; x_wconf 89' lang='lat' dir='ltr'><strong>ea</strong></span> <span class='ocrx_word' id='word_1_41' title='bbox 1287 718 1314 748; x_wconf 90' lang='lat' dir='ltr'><strong>a</strong></span> <span class='ocrx_word' id='word_1_42' title='bbox 1339 707 1529 749; x_wconf 83' lang='lat' dir='ltr'><strong>fontibus</strong></span> <span class='ocrx_word' id='word_1_43' title='bbox 1563 705 1703 761; x_wconf 89' lang='lat' dir='ltr'><strong>potius</strong></span> <span class='ocrx_word' id='word_1_44' title='bbox 1731 703 1834 746; x_wconf 90' lang='lat' dir='ltr'><strong>hau-</strong></span> 
     </span>
     <span class='ocr_line' id='line_1_7' title="bbox 408 777 1832 832; baseline 0 -12"><span class='ocrx_word' id='word_1_45' title='bbox 408 778 536 831; x_wconf 77' lang='lat' dir='ltr'><strong>riant,</strong></span> <span class='ocrx_word' id='word_1_46' title='bbox 566 790 688 832; x_wconf 88' lang='lat' dir='ltr'><strong>quam</strong></span> <span class='ocrx_word' id='word_1_47' title='bbox 715 777 883 820; x_wconf 87' lang='lat' dir='ltr'><strong>rivulos</strong></span> <span class='ocrx_word' id='word_1_48' title='bbox 912 782 1224 821; x_wconf 87' lang='lat' dir='ltr'><strong>consectentur.</strong></span> <span class='ocrx_word' id='word_1_49' title='bbox 1282 780 1400 829; x_wconf 82' lang='lat' dir='ltr'><strong>Quae</strong></span> <span class='ocrx_word' id='word_1_50' title='bbox 1441 783 1581 821; x_wconf 90' lang='lat' dir='ltr'><strong>autem</strong></span> <span class='ocrx_word' id='word_1_51' title='bbox 1607 791 1728 820; x_wconf 91' lang='lat' dir='ltr'><strong>nemo</strong></span> <span class='ocrx_word' id='word_1_52' title='bbox 1758 777 1832 820; x_wconf 87' lang='lat' dir='ltr'><strong>ad-</strong></span> 
     </span>
     <span class='ocr_line' id='line_1_8' title="bbox 405 849 1833 906; baseline 0.001 -16"><span class='ocrx_word' id='word_1_53' title='bbox 405 849 490 891; x_wconf 90' lang='lat' dir='ltr'><strong>huc</strong></span> <span class='ocrx_word' id='word_1_54' title='bbox 518 851 733 902; x_wconf 82' lang='lat' dir='ltr'><strong>docuerat,</strong></span> <span class='ocrx_word' id='word_1_55' title='bbox 773 863 854 892; x_wconf 92' lang='lat' dir='ltr'><strong>nec</strong></span> <span class='ocrx_word' id='word_1_56' title='bbox 893 854 1000 903; x_wconf 91' lang='lat' dir='ltr'><strong>erat,</strong></span> <span class='ocrx_word' id='word_1_57' title='bbox 1037 851 1147 892; x_wconf 87' lang='lat' dir='ltr'><strong>uude</strong></span> <span class='ocrx_word' id='word_1_58' title='bbox 1186 850 1367 892; x_wconf 86' lang='lat' dir='ltr'><strong>studiosi</strong></span> <span class='ocrx_word' id='word_1_59' title='bbox 1403 851 1516 894; x_wconf 90' lang='lat' dir='ltr'><strong>scire</strong></span> <span class='ocrx_word' id='word_1_60' title='bbox 1552 853 1740 906; x_wconf 88' lang='lat' dir='ltr'><strong>possent,</strong></span> <span class='ocrx_word' id='word_1_61' title='bbox 1779 862 1833 892; x_wconf 92' lang='lat' dir='ltr'><strong>ea</strong></span> 
     </span>
     <span class='ocr_line' id='line_1_9' title="bbox 408 921 1827 977; baseline -0.001 -14"><span class='ocrx_word' id='word_1_62' title='bbox 408 926 609 975; x_wconf 87' lang='lat' dir='ltr'><strong>quantum</strong></span> <span class='ocrx_word' id='word_1_63' title='bbox 645 922 765 976; x_wconf 91' lang='lat' dir='ltr'><strong>potui</strong></span> <span class='ocrx_word' id='word_1_64' title='bbox 805 921 939 974; x_wconf 87' lang='lat' dir='ltr'><strong>(nihil</strong></span> <span class='ocrx_word' id='word_1_65' title='bbox 979 923 1090 964; x_wconf 91' lang='lat' dir='ltr'><strong>enim</strong></span> <span class='ocrx_word' id='word_1_66' title='bbox 1137 935 1396 977; x_wconf 78' lang='lat' dir='ltr'><strong>magnopere</strong></span> <span class='ocrx_word' id='word_1_67' title='bbox 1439 936 1625 964; x_wconf 91' lang='lat' dir='ltr'><strong>meorum</strong></span> <span class='ocrx_word' id='word_1_68' title='bbox 1672 923 1827 970; x_wconf 83' lang='lat' dir='ltr'><strong>miror)</strong></span> 
     </span>
     <span class='ocr_line' id='line_1_10' title="bbox 404 993 1831 1049; baseline 0.001 -15"><span class='ocrx_word' id='word_1_69' title='bbox 404 993 491 1034; x_wconf 88' lang='lat' dir='ltr'><strong>feci</strong></span> <span class='ocrx_word' id='word_1_70' title='bbox 519 997 568 1034; x_wconf 91' lang='lat' dir='ltr'><strong>ut</strong></span> <span class='ocrx_word' id='word_1_71' title='bbox 596 997 743 1037; x_wconf 90' lang='lat' dir='ltr'><strong>essent</strong></span> <span class='ocrx_word' id='word_1_72' title='bbox 770 998 875 1036; x_wconf 89' lang='lat' dir='ltr'><strong>nota</strong></span> <span class='ocrx_word' id='word_1_73' title='bbox 901 995 1074 1036; x_wconf 87' lang='lat' dir='ltr'><strong>nostris.</strong></span> <span class='ocrx_word' id='word_1_74' title='bbox 1111 994 1148 1036; x_wconf 89' lang='lat' dir='ltr'><strong>A</strong></span> <span class='ocrx_word' id='word_1_75' title='bbox 1177 994 1358 1037; x_wconf 85' lang='lat' dir='ltr'><strong>Graecis</strong></span> <span class='ocrx_word' id='word_1_76' title='bbox 1389 994 1500 1036; x_wconf 86' lang='lat' dir='ltr'><strong>enim</strong></span> <span class='ocrx_word' id='word_1_77' title='bbox 1526 994 1617 1049; x_wconf 89' lang='lat' dir='ltr'><strong>peti</strong></span> <span class='ocrx_word' id='word_1_78' title='bbox 1644 1007 1730 1036; x_wconf 93' lang='lat' dir='ltr'><strong>non</strong></span> <span class='ocrx_word' id='word_1_79' title='bbox 1757 1006 1831 1048; x_wconf 87' lang='lat' dir='ltr'><strong>po-</strong></span> 
     </span>
     <span class='ocr_line' id='line_1_11' title="bbox 403 1065 1831 1120; baseline 0.001 -15"><span class='ocrx_word' id='word_1_80' title='bbox 403 1068 562 1117; x_wconf 87' lang='lat' dir='ltr'><strong>terant,</strong></span> <span class='ocrx_word' id='word_1_81' title='bbox 591 1078 642 1106; x_wconf 92' lang='lat' dir='ltr'><strong>ac</strong></span> <span class='ocrx_word' id='word_1_82' title='bbox 670 1069 768 1119; x_wconf 91' lang='lat' dir='ltr'><strong>post</strong></span> <span class='ocrx_word' id='word_1_83' title='bbox 795 1067 845 1107; x_wconf 85' lang='lat' dir='ltr'><strong>L.</strong></span> <span class='ocrx_word' id='word_1_84' title='bbox 873 1065 989 1107; x_wconf 85' lang='lat' dir='ltr'><strong>Aelii</strong></span> <span class='ocrx_word' id='word_1_85' title='bbox 1016 1066 1155 1107; x_wconf 89' lang='lat' dir='ltr'><strong>nostri</strong></span> <span class='ocrx_word' id='word_1_86' title='bbox 1182 1078 1374 1108; x_wconf 88' lang='lat' dir='ltr'><strong>occasum</strong></span> <span class='ocrx_word' id='word_1_87' title='bbox 1401 1079 1457 1107; x_wconf 89' lang='lat' dir='ltr'><strong>ne</strong></span> <span class='ocrx_word' id='word_1_88' title='bbox 1486 1078 1514 1107; x_wconf 90' lang='lat' dir='ltr'><strong>a</strong></span> <span class='ocrx_word' id='word_1_89' title='bbox 1539 1066 1709 1108; x_wconf 81' lang='lat' dir='ltr'><strong>Latinis</strong></span> <span class='ocrx_word' id='word_1_90' title='bbox 1740 1065 1831 1120; x_wconf 89' lang='lat' dir='ltr'><strong>qui-</strong></span> 
     </span>
     <span class='ocr_line' id='line_1_12' title="bbox 407 1123 1829 1192; baseline 0.001 -15"><span class='ocrx_word' id='word_1_91' title='bbox 407 1135 541 1178; x_wconf 86' lang='lat' dir='ltr'><strong>dem.“</strong></span> <span class='ocrx_word' id='word_1_92' title='bbox 568 1123 571 1131; x_wconf 52' lang='lat'><strong>¹</strong></span> <span class='ocrx_word' id='word_1_93' title='bbox 597 1137 718 1179; x_wconf 82' lang='lat' dir='ltr'><strong>Haec</strong></span> <span class='ocrx_word' id='word_1_94' title='bbox 753 1138 894 1179; x_wconf 89' lang='lat' dir='ltr'><strong>Varro</strong></span> <span class='ocrx_word' id='word_1_95' title='bbox 936 1137 988 1179; x_wconf 88' lang='lat' dir='ltr'><strong>de</strong></span> <span class='ocrx_word' id='word_1_96' title='bbox 1026 1137 1163 1190; x_wconf 90' lang='lat' dir='ltr'><strong>Aelio,</strong></span> <span class='ocrx_word' id='word_1_97' title='bbox 1199 1137 1250 1179; x_wconf 92' lang='lat' dir='ltr'><strong>de</strong></span> <span class='ocrx_word' id='word_1_98' title='bbox 1280 1138 1522 1180; x_wconf 91' lang='lat' dir='ltr'><strong>doctissimo</strong></span> <span class='ocrx_word' id='word_1_99' title='bbox 1549 1141 1829 1192; x_wconf 86' lang='lat' dir='ltr'><strong>praeceptore</strong></span> 
     </span>
     <span class='ocr_line' id='line_1_13' title="bbox 404 1206 1830 1263; baseline 0.001 -15"><span class='ocrx_word' id='word_1_100' title='bbox 404 1206 520 1249; x_wconf 86' lang='lat' dir='ltr'><strong>haud</strong></span> <span class='ocrx_word' id='word_1_101' title='bbox 546 1209 741 1262; x_wconf 88' lang='lat' dir='ltr'><strong>profecto</strong></span> <span class='ocrx_word' id='word_1_102' title='bbox 769 1208 992 1260; x_wconf 91' lang='lat' dir='ltr'><strong>indoctior,</strong></span> <span class='ocrx_word' id='word_1_103' title='bbox 1022 1209 1099 1249; x_wconf 93' lang='lat' dir='ltr'><strong>sed</strong></span> <span class='ocrx_word' id='word_1_104' title='bbox 1126 1207 1392 1263; x_wconf 81' lang='lat' dir='ltr'><strong>ingeniosior</strong></span> <span class='ocrx_word' id='word_1_105' title='bbox 1420 1220 1471 1250; x_wconf 90' lang='lat' dir='ltr'><strong>ac</strong></span> <span class='ocrx_word' id='word_1_106' title='bbox 1509 1208 1707 1263; x_wconf 84' lang='lat' dir='ltr'><strong>sagacior</strong></span> <span class='ocrx_word' id='word_1_107' title='bbox 1743 1208 1830 1249; x_wconf 87' lang='lat' dir='ltr'><strong>dis-</strong></span> 
     </span>
     <span class='ocr_line' id='line_1_14' title="bbox 405 1279 1829 1335; baseline 0.001 -15"><span class='ocrx_word' id='word_1_108' title='bbox 405 1279 584 1333; x_wconf 90' lang='lat' dir='ltr'><strong>cipulus.</strong></span> <span class='ocrx_word' id='word_1_109' title='bbox 641 1281 787 1334; x_wconf 83' lang='lat' dir='ltr'><strong>Neque</strong></span> <span class='ocrx_word' id='word_1_110' title='bbox 825 1279 937 1321; x_wconf 91' lang='lat' dir='ltr'><strong>enim</strong></span> <span class='ocrx_word' id='word_1_111' title='bbox 974 1281 1224 1334; x_wconf 86' lang='lat' dir='ltr'><strong>negandum,</strong></span> <span class='ocrx_word' id='word_1_112' title='bbox 1259 1281 1322 1322; x_wconf 90' lang='lat' dir='ltr'><strong>ita</strong></span> <span class='ocrx_word' id='word_1_113' title='bbox 1350 1280 1462 1322; x_wconf 90' lang='lat' dir='ltr'><strong>hunc</strong></span> <span class='ocrx_word' id='word_1_114' title='bbox 1489 1281 1610 1322; x_wconf 91' lang='lat' dir='ltr'><strong>illius</strong></span> <span class='ocrx_word' id='word_1_115' title='bbox 1640 1281 1829 1335; x_wconf 86' lang='lat' dir='ltr'><strong>vestigia</strong></span> 
     </span>
     <span class='ocr_line' id='line_1_15' title="bbox 404 1351 1827 1406; baseline 0.001 -14"><span class='ocrx_word' id='word_1_116' title='bbox 404 1354 684 1406; x_wconf 86' lang='lat' dir='ltr'><strong>persecutum,</strong></span> <span class='ocrx_word' id='word_1_117' title='bbox 725 1355 772 1391; x_wconf 91' lang='lat' dir='ltr'><strong>ut</strong></span> <span class='ocrx_word' id='word_1_118' title='bbox 809 1351 983 1393; x_wconf 88' lang='lat' dir='ltr'><strong>uberius</strong></span> <span class='ocrx_word' id='word_1_119' title='bbox 1020 1352 1158 1405; x_wconf 89' lang='lat' dir='ltr'><strong>prima</strong></span> <span class='ocrx_word' id='word_1_120' title='bbox 1193 1351 1308 1393; x_wconf 80' lang='lat' dir='ltr'><strong>Aelii</strong></span> <span class='ocrx_word' id='word_1_121' title='bbox 1343 1352 1521 1393; x_wconf 87' lang='lat' dir='ltr'><strong>inventa</strong></span> <span class='ocrx_word' id='word_1_122' title='bbox 1556 1352 1827 1406; x_wconf 87' lang='lat' dir='ltr'><strong>explicuerit,</strong></span> 
     </span>
     <span class='ocr_line' id='line_1_16' title="bbox 405 1421 1827 1476; baseline 0 -13"><span class='ocrx_word' id='word_1_123' title='bbox 405 1424 587 1476; x_wconf 90' lang='lat' dir='ltr'><strong>plusque</strong></span> <span class='ocrx_word' id='word_1_124' title='bbox 611 1421 764 1474; x_wconf 89' lang='lat' dir='ltr'><strong>judicii</strong></span> <span class='ocrx_word' id='word_1_125' title='bbox 793 1423 848 1463; x_wconf 89' lang='lat' dir='ltr'><strong>ad</strong></span> <span class='ocrx_word' id='word_1_126' title='bbox 885 1423 1285 1476; x_wconf 86' lang='lat' dir='ltr'><strong>interpretationem</strong></span> <span class='ocrx_word' id='word_1_127' title='bbox 1324 1423 1588 1476; x_wconf 81' lang='lat' dir='ltr'><strong>singulorum</strong></span> <span class='ocrx_word' id='word_1_128' title='bbox 1626 1424 1827 1475; x_wconf 90' lang='lat' dir='ltr'><strong>locorum,</strong></span> 
     </span>
     <span class='ocr_line' id='line_1_17' title="bbox 401 1493 1825 1549; baseline 0.001 -14"><span class='ocrx_word' id='word_1_129' title='bbox 401 1506 507 1548; x_wconf 89' lang='lat' dir='ltr'><strong>quos</strong></span> <span class='ocrx_word' id='word_1_130' title='bbox 545 1505 603 1535; x_wconf 83' lang='lat' dir='ltr'><strong>ex</strong></span> <span class='ocrx_word' id='word_1_131' title='bbox 643 1493 755 1535; x_wconf 91' lang='lat' dir='ltr'><strong>omni</strong></span> <span class='ocrx_word' id='word_1_132' title='bbox 798 1493 1053 1549; x_wconf 87' lang='lat' dir='ltr'><strong>antiquitate</strong></span> <span class='ocrx_word' id='word_1_133' title='bbox 1092 1494 1177 1536; x_wconf 87' lang='lat' dir='ltr'><strong>sibi</strong></span> <span class='ocrx_word' id='word_1_134' title='bbox 1214 1494 1462 1537; x_wconf 83' lang='lat' dir='ltr'><strong>tractandos</strong></span> <span class='ocrx_word' id='word_1_135' title='bbox 1500 1493 1660 1547; x_wconf 88' lang='lat' dir='ltr'><strong>sumsit,</strong></span> <span class='ocrx_word' id='word_1_136' title='bbox 1705 1493 1825 1536; x_wconf 87' lang='lat' dir='ltr'><strong>adhi-</strong></span> 
     </span>
     <span class='ocr_line' id='line_1_18' title="bbox 397 1565 1825 1622; baseline 0.001 -13"><span class='ocrx_word' id='word_1_137' title='bbox 397 1566 554 1609; x_wconf 81' lang='lat' dir='ltr'><strong>buerit.</strong></span> <span class='ocrx_word' id='word_1_138' title='bbox 585 1565 786 1607; x_wconf 85' lang='lat' dir='ltr'><strong>Attamen</strong></span> <span class='ocrx_word' id='word_1_139' title='bbox 813 1579 899 1607; x_wconf 89' lang='lat' dir='ltr'><strong>non</strong></span> <span class='ocrx_word' id='word_1_140' title='bbox 928 1567 1144 1619; x_wconf 85' lang='lat' dir='ltr'><strong>commisit,</strong></span> <span class='ocrx_word' id='word_1_141' title='bbox 1162 1570 1210 1608; x_wconf 86' lang='lat' dir='ltr'><strong>ut</strong></span> <span class='ocrx_word' id='word_1_142' title='bbox 1237 1579 1264 1608; x_wconf 88' lang='lat' dir='ltr'><strong>a</strong></span> <span class='ocrx_word' id='word_1_143' title='bbox 1293 1580 1373 1622; x_wconf 92' lang='lat' dir='ltr'><strong>quo</strong></span> <span class='ocrx_word' id='word_1_144' title='bbox 1401 1567 1578 1621; x_wconf 89' lang='lat' dir='ltr'><strong>primum</strong></span> <span class='ocrx_word' id='word_1_145' title='bbox 1604 1566 1825 1611; x_wconf 83' lang='lat' dir='ltr'><strong>institutus</strong></span> 
     </span>
     <span class='ocr_line' id='line_1_19' title="bbox 406 1627 1824 1693; baseline 0.001 -14"><span class='ocrx_word' id='word_1_146' title='bbox 406 1640 536 1688; x_wconf 86' lang='lat' dir='ltr'><strong>esset,</strong></span> <span class='ocrx_word' id='word_1_147' title='bbox 565 1627 762 1680; x_wconf 83' lang='lat' dir='ltr'><strong>acerbius</strong></span> <span class='ocrx_word' id='word_1_148' title='bbox 790 1641 982 1689; x_wconf 89' lang='lat' dir='ltr'><strong>notaret;</strong></span> <span class='ocrx_word' id='word_1_149' title='bbox 1023 1641 1184 1691; x_wconf 91' lang='lat' dir='ltr'><strong>contra,</strong></span> <span class='ocrx_word' id='word_1_150' title='bbox 1218 1648 1374 1693; x_wconf 84' lang='lat' dir='ltr'><strong>magna</strong></span> <span class='ocrx_word' id='word_1_151' title='bbox 1409 1637 1523 1688; x_wconf 88' lang='lat' dir='ltr'><strong>Aelii</strong></span> <span class='ocrx_word' id='word_1_152' title='bbox 1562 1637 1628 1679; x_wconf 92' lang='lat' dir='ltr'><strong>sui</strong></span> <span class='ocrx_word' id='word_1_153' title='bbox 1670 1638 1824 1682; x_wconf 87' lang='lat' dir='ltr'><strong>merita</strong></span> 
     </span>
     <span class='ocr_line' id='line_1_20' title="bbox 396 1703 1872 1764; baseline 0.001 -15"><span class='ocrx_word' id='word_1_154' title='bbox 396 1708 636 1763; x_wconf 82' lang='lat' dir='ltr'><strong>agnoscens</strong></span> <span class='ocrx_word' id='word_1_155' title='bbox 665 1721 716 1749; x_wconf 91' lang='lat' dir='ltr'><strong>ac</strong></span> <span class='ocrx_word' id='word_1_156' title='bbox 738 1707 837 1761; x_wconf 88' lang='lat' dir='ltr'><strong>jure</strong></span> <span class='ocrx_word' id='word_1_157' title='bbox 859 1707 1115 1763; x_wconf 78' lang='lat' dir='ltr'><strong>&#39;suspicienS,</strong></span> <span class='ocrx_word' id='word_1_158' title='bbox 1142 1721 1229 1750; x_wconf 91' lang='lat' dir='ltr'><strong>non</strong></span> <span class='ocrx_word' id='word_1_159' title='bbox 1257 1706 1392 1750; x_wconf 85' lang='lat' dir='ltr'><strong>solum</strong></span> <span class='ocrx_word' id='word_1_160' title='bbox 1418 1708 1687 1764; x_wconf 86' lang='lat' dir='ltr'><strong>praecipuam</strong></span> <span class='ocrx_word' id='word_1_161' title='bbox 1716 1721 1824 1751; x_wconf 84' lang='lat' dir='ltr'><strong>sem·</strong></span> <span class='ocrx_word' id='word_1_162' title='bbox 1862 1703 1872 1715; x_wconf 82' lang='lat'>&#39;</span> 
     </span>
     <span class='ocr_line' id='line_1_21' title="bbox 339 1779 1822 1838; baseline -0.001 -15"><span class='ocrx_word' id='word_1_163' title='bbox 339 1789 342 1791; x_wconf 75' lang='grc'>’</span> <span class='ocrx_word' id='word_1_164' title='bbox 395 1790 476 1838; x_wconf 76' lang='lat' dir='ltr'><strong>per</strong></span> <span class='ocrx_word' id='word_1_165' title='bbox 503 1784 548 1824; x_wconf 88' lang='lat' dir='ltr'><strong>et</strong></span> <span class='ocrx_word' id='word_1_166' title='bbox 574 1779 852 1823; x_wconf 86' lang='lat' dir='ltr'><strong>honorificam</strong></span> <span class='ocrx_word' id='word_1_167' title='bbox 880 1780 972 1833; x_wconf 89' lang='lat' dir='ltr'><strong>ejus</strong></span> <span class='ocrx_word' id='word_1_168' title='bbox 1011 1781 1265 1823; x_wconf 85' lang='lat' dir='ltr'><strong>mentionem</strong></span> <span class='ocrx_word' id='word_1_169' title='bbox 1300 1781 1417 1832; x_wconf 86' lang='lat' dir='ltr'><strong>fecit,</strong></span> <span class='ocrx_word' id='word_1_170' title='bbox 1458 1781 1534 1822; x_wconf 90' lang='lat' dir='ltr'><strong>sed</strong></span> <span class='ocrx_word' id='word_1_171' title='bbox 1573 1779 1672 1832; x_wconf 20' lang='lat' dir='ltr'><strong>ejus*</strong></span> <span class='ocrx_word' id='word_1_172' title='bbox 1701 1794 1822 1822; x_wconf 89' lang='lat' dir='ltr'><strong>erro-</strong></span> 
     </span>
    </p>
   </div>
   <div class='ocr_carea' id='block_1_3' title="bbox 78 1847 1821 2054">
    <p class='ocr_par' dir='ltr' id='par_1_3' title="bbox 78 1839 1821 2054">
     <span class='ocr_line' id='line_1_22' title="bbox 78 1847 1821 1916; baseline -0.001 -20"><span class='ocrx_word' id='word_1_173' title='bbox 78 1907 84 1909; x_wconf 10' lang='lat'><em>*</em></span> <span class='ocrx_word' id='word_1_174' title='bbox 124 1889 143 1896; x_wconf 75' lang='grc'><strong>,,</strong></span> <span class='ocrx_word' id='word_1_175' title='bbox 200 1903 203 1905; x_wconf 40' lang='grc'>,</span> <span class='ocrx_word' id='word_1_176' title='bbox 253 1914 262 1916; x_wconf 19' lang='lat'><strong>‚⁷</strong></span> <span class='ocrx_word' id='word_1_177' title='bbox 395 1847 474 1915; x_wconf 54' lang='lat' dir='ltr'><strong>res*</strong></span> <span class='ocrx_word' id='word_1_178' title='bbox 504 1847 805 1894; x_wconf 89' lang='lat' dir='ltr'><strong>honestissime</strong></span> <span class='ocrx_word' id='word_1_179' title='bbox 847 1851 1086 1893; x_wconf 82' lang='lat' dir='ltr'><strong>excusavit.</strong></span> <span class='ocrx_word' id='word_1_180' title='bbox 1130 1853 1278 1907; x_wconf 86' lang='lat' dir='ltr'><strong>ltaque</strong></span> <span class='ocrx_word' id='word_1_181' title='bbox 1324 1850 1506 1916; x_wconf 77' lang='lat' dir='ltr'><strong>Gellius,</strong></span> <span class='ocrx_word' id='word_1_182' title='bbox 1544 1851 1615 1906; x_wconf 87' lang='lat' dir='ltr'><strong>qui</strong></span> <span class='ocrx_word' id='word_1_183' title='bbox 1653 1850 1821 1905; x_wconf 81' lang='lat' dir='ltr'><strong>Aelium</strong></span> 
     </span>
     <span class='ocr_line' id='line_1_23' title="bbox 146 1915 1819 1984; baseline -0.001 -19"><span class='ocrx_word' id='word_1_184' title='bbox 146 1916 153 1919; x_wconf 64' lang='grc'><strong>”</strong></span> <span class='ocrx_word' id='word_1_185' title='bbox 192 1915 203 1923; x_wconf 60' lang='grc'><em>”</em></span> <span class='ocrx_word' id='word_1_186' title='bbox 225 1922 232 1942; x_wconf 82' lang='grc'><strong>·’</strong></span> <span class='ocrx_word' id='word_1_187' title='bbox 249 1975 263 1981; x_wconf 11' lang='grc' dir='ltr'>ἃ</span> <span class='ocrx_word' id='word_1_188' title='bbox 358 1920 700 1970; x_wconf 43' lang='lat' dir='ltr'><strong>&lt;doctissimum</strong></span> <span class='ocrx_word' id='word_1_189' title='bbox 727 1927 834 1965; x_wconf 80' lang='lat' dir='ltr'><strong>tunc</strong></span> <span class='ocrx_word' id='word_1_190' title='bbox 862 1925 1058 1966; x_wconf 74' lang='lat' dir='ltr'><strong>civitatis</strong></span> <span class='ocrx_word' id='word_1_191' title='bbox 1085 1922 1299 1969; x_wconf 77' lang='lat' dir='ltr'><strong>hominem</strong></span> <span class='ocrx_word' id='word_1_192' title='bbox 1326 1926 1370 1965; x_wconf 84' lang='lat' dir='ltr'><strong>et</strong></span> <span class='ocrx_word' id='word_1_193' title='bbox 1409 1921 1752 1984; x_wconf 73' lang='lat' dir='ltr'><strong>eruditissimum</strong></span> <span class='ocrx_word' id='word_1_194' title='bbox 1766 1922 1819 1976; x_wconf 81' lang='lat'><strong>-2)</strong></span> 
     </span>
     <span class='ocr_line' id='line_1_24' title="bbox 303 1994 1820 2054; baseline 0.001 -18"><span class='ocrx_word' id='word_1_195' title='bbox 303 1998 325 2002; x_wconf 71' lang='grc'><strong>“’</strong></span> <span class='ocrx_word' id='word_1_196' title='bbox 363 1996 535 2048; x_wconf 69' lang='lat' dir='ltr'><strong>(vocat,</strong></span> <span class='ocrx_word' id='word_1_197' title='bbox 576 2007 599 2038; x_wconf 88' lang='lat' dir='ltr'><strong>e</strong></span> <span class='ocrx_word' id='word_1_198' title='bbox 639 1994 767 2037; x_wconf 84' lang='lat' dir='ltr'><strong>libris</strong></span> <span class='ocrx_word' id='word_1_199' title='bbox 803 2006 947 2036; x_wconf 91' lang='lat' dir='ltr'><strong>rerum</strong></span> <span class='ocrx_word' id='word_1_200' title='bbox 985 1994 1227 2036; x_wconf 88' lang='lat' dir='ltr'><strong>divinarum</strong></span> <span class='ocrx_word' id='word_1_201' title='bbox 1273 1994 1381 2037; x_wconf 89' lang='lat' dir='ltr'><strong>haec</strong></span> <span class='ocrx_word' id='word_1_202' title='bbox 1426 1994 1637 2038; x_wconf 86' lang='lat' dir='ltr'><strong>Varronis</strong></span> <span class='ocrx_word' id='word_1_203' title='bbox 1683 1995 1820 2054; x_wconf 85' lang='lat' dir='ltr'><strong>verba</strong></span> 
     </span>
    </p>
   </div>
   <div class='ocr_carea' id='block_1_4' title="bbox 371 2058 1820 2197">
    <p class='ocr_par' dir='ltr' id='par_1_4' title="bbox 371 2058 1820 2197">
     <span class='ocr_line' id='line_1_25' title="bbox 395 2058 1820 2131; baseline 0.001 -22"><span class='ocrx_word' id='word_1_204' title='bbox 395 2068 524 2109; x_wconf 82' lang='lat' dir='ltr'><strong>affert</strong></span> <span class='ocrx_word' id='word_1_205' title='bbox 553 2066 610 2121; x_wconf 78' lang='lat'><strong>3):</strong></span> <span class='ocrx_word' id='word_1_206' title='bbox 638 2060 716 2120; x_wconf 85' lang='lat' dir='ltr'><strong>„ln</strong></span> <span class='ocrx_word' id='word_1_207' title='bbox 737 2059 912 2108; x_wconf 37' lang='lat' dir='ltr'><strong>‘ratione</strong></span> <span class='ocrx_word' id='word_1_208' title='bbox 942 2058 1228 2121; x_wconf 78' lang='lat' dir='ltr'><strong>etymologica</strong></span> <span class='ocrx_word' id='word_1_209' title='bbox 1255 2067 1310 2131; x_wconf 69' lang='lat' dir='ltr'><strong>11.v</strong></span> <span class='ocrx_word' id='word_1_210' title='bbox 1333 2065 1493 2119; x_wconf 83' lang='lat' dir='ltr'><strong>Aelius,</strong></span> <span class='ocrx_word' id='word_1_211' title='bbox 1521 2067 1679 2127; x_wconf 64' lang='lat' dir='ltr'><strong>literis·</strong></span> <span class='ocrx_word' id='word_1_212' title='bbox 1693 2079 1820 2122; x_wconf 79' lang='lat' dir='ltr'><strong>orna-</strong></span> 
     </span>
     <span class='ocr_line' id='line_1_26' title="bbox 371 2137 1817 2197; baseline 0.001 -16"><span class='ocrx_word' id='word_1_213' title='bbox 371 2139 583 2181; x_wconf 88' lang='lat' dir='ltr'><strong>tissimus</strong></span> <span class='ocrx_word' id='word_1_214' title='bbox 619 2139 823 2181; x_wconf 77' lang='lat' dir='ltr'><strong>memoria</strong></span> <span class='ocrx_word' id='word_1_215' title='bbox 860 2140 1023 2192; x_wconf 79' lang='lat' dir='ltr'><strong>nostra,</strong></span> <span class='ocrx_word' id='word_1_216' title='bbox 1062 2138 1233 2189; x_wconf 76' lang='lat' dir='ltr'><strong>erravit</strong></span> <span class='ocrx_word' id='word_1_217' title='bbox 1277 2137 1520 2197; x_wconf 53' lang='lat' dir='ltr'><strong>aliquoties</strong></span> <span class='ocrx_word' id='word_1_218' title='bbox 1557 2160 1612 2168; x_wconf 80' lang='lat'><strong>--</strong></span> <span class='ocrx_word' id='word_1_219' title='bbox 1648 2139 1698 2182; x_wconf 85' lang='lat' dir='ltr'><strong>In</strong></span> <span class='ocrx_word' id='word_1_220' title='bbox 1715 2167 1718 2169; x_wconf 97' lang='lat'>-</span> <span class='ocrx_word' id='word_1_221' title='bbox 1735 2152 1817 2194; x_wconf 89' lang='lat' dir='ltr'><strong>quo</strong></span> 
     </span>
    </p>
   </div>
   <div class='ocr_carea' id='block_1_5' title="bbox 389 2209 1903 2267">
    <p class='ocr_par' dir='ltr' id='par_1_5' title="bbox 389 2209 1903 2267">
     <span class='ocr_line' id='line_1_27' title="bbox 389 2209 1903 2267; baseline 0.001 -15"><span class='ocrx_word' id='word_1_222' title='bbox 389 2224 477 2252; x_wconf 91' lang='lat' dir='ltr'><strong>non</strong></span> <span class='ocrx_word' id='word_1_223' title='bbox 504 2211 626 2253; x_wconf 90' lang='lat' dir='ltr'><strong>modo</strong></span> <span class='ocrx_word' id='word_1_224' title='bbox 654 2210 770 2253; x_wconf 84' lang='lat' dir='ltr'><strong>Aelii</strong></span> <span class='ocrx_word' id='word_1_225' title='bbox 798 2211 1015 2265; x_wconf 77' lang='lat' dir='ltr'><strong>ingenium</strong></span> <span class='ocrx_word' id='word_1_226' title='bbox 1036 2222 1129 2252; x_wconf 60' lang='lat' dir='ltr'><strong>‘non</strong></span> <span class='ocrx_word' id='word_1_227' title='bbox 1156 2209 1438 2267; x_wconf 85' lang='lat' dir='ltr'><strong>reprehendo,</strong></span> <span class='ocrx_word' id='word_1_228' title='bbox 1458 2209 1535 2251; x_wconf 88' lang='lat' dir='ltr'><strong>sed</strong></span> <span class='ocrx_word' id='word_1_229' title='bbox 1562 2210 1818 2261; x_wconf 82' lang='lat' dir='ltr'><strong>industriam</strong></span> <span class='ocrx_word' id='word_1_230' title='bbox 1900 2245 1903 2247; x_wconf 82' lang='grc'>-</span> 
     </span>
    </p>
   </div>
   <div class='ocr_carea' id='block_1_6' title="bbox 386 2272 1817 2553">
    <p class='ocr_par' dir='ltr' id='par_1_6' title="bbox 386 2272 1817 2553">
     <span class='ocr_line' id='line_1_28' title="bbox 388 2272 1817 2337; baseline 0.001 -13"><span class='ocrx_word' id='word_1_231' title='bbox 388 2283 531 2325; x_wconf 91' lang='lat' dir='ltr'><strong>laudo.</strong></span> <span class='ocrx_word' id='word_1_232' title='bbox 559 2283 811 2325; x_wconf 91' lang='lat' dir='ltr'><strong>Successum</strong></span> <span class='ocrx_word' id='word_1_233' title='bbox 841 2283 953 2324; x_wconf 90' lang='lat' dir='ltr'><strong>enim</strong></span> <span class='ocrx_word' id='word_1_234' title='bbox 979 2283 1165 2334; x_wconf 89' lang='lat' dir='ltr'><strong>fortuna,</strong></span> <span class='ocrx_word' id='word_1_235' title='bbox 1196 2281 1508 2336; x_wconf 82' lang='lat' dir='ltr'><strong>experientiam</strong></span> <span class='ocrx_word' id='word_1_236' title='bbox 1536 2272 1640 2323; x_wconf 40' lang='lat' dir='ltr'><strong>&#39;laus&#39;</strong></span> <span class='ocrx_word' id='word_1_237' title='bbox 1678 2283 1817 2337; x_wconf 90' lang='lat' dir='ltr'><strong>sequi-</strong></span> 
     </span>
     <span class='ocr_line' id='line_1_29' title="bbox 388 2353 1816 2409; baseline 0.001 -14"><span class='ocrx_word' id='word_1_238' title='bbox 388 2353 495 2395; x_wconf 86' lang='lat' dir='ltr'><strong>tur.“</strong></span> <span class='ocrx_word' id='word_1_239' title='bbox 525 2354 639 2395; x_wconf 89' lang='lat' dir='ltr'><strong>Idem</strong></span> <span class='ocrx_word' id='word_1_240' title='bbox 667 2356 820 2406; x_wconf 87' lang='lat' dir='ltr'><strong>Varro,</strong></span> <span class='ocrx_word' id='word_1_241' title='bbox 846 2358 1066 2409; x_wconf 86' lang='lat' dir='ltr'><strong>postquam</strong></span> <span class='ocrx_word' id='word_1_242' title='bbox 1093 2353 1316 2396; x_wconf 88' lang='lat' dir='ltr'><strong>Aelianam</strong></span> <span class='ocrx_word' id='word_1_243' title='bbox 1344 2353 1573 2394; x_wconf 89' lang='lat' dir='ltr'><strong>carminum</strong></span> <span class='ocrx_word' id='word_1_244' title='bbox 1600 2353 1816 2397; x_wconf 89' lang='lat' dir='ltr'><strong>Saliorum</strong></span> 
     </span>
     <span class='ocr_line' id='line_1_30' title="bbox 388 2424 1815 2481; baseline 0.001 -13"><span class='ocrx_word' id='word_1_245' title='bbox 388 2426 788 2481; x_wconf 88' lang='lat' dir='ltr'><strong>interpretationem</strong></span> <span class='ocrx_word' id='word_1_246' title='bbox 818 2425 998 2468; x_wconf 84' lang='lat' dir='ltr'><strong>exiliter</strong></span> <span class='ocrx_word' id='word_1_247' title='bbox 1027 2425 1270 2481; x_wconf 85' lang='lat' dir='ltr'><strong>expeditam</strong></span> <span class='ocrx_word' id='word_1_248' title='bbox 1297 2437 1435 2480; x_wconf 89' lang='lat' dir='ltr'><strong>neque</strong></span> <span class='ocrx_word' id='word_1_249' title='bbox 1464 2424 1655 2468; x_wconf 87' lang='lat' dir='ltr'><strong>omnibus</strong></span> <span class='ocrx_word' id='word_1_250' title='bbox 1692 2426 1815 2469; x_wconf 85' lang='lat' dir='ltr'><strong>abso-</strong></span> 
     </span>
     <span class='ocr_line' id='line_1_31' title="bbox 386 2494 1815 2553; baseline 0.001 -13"><span class='ocrx_word' id='word_1_251' title='bbox 386 2499 521 2541; x_wconf 89' lang='lat' dir='ltr'><strong>lutam</strong></span> <span class='ocrx_word' id='word_1_252' title='bbox 548 2499 737 2540; x_wconf 88' lang='lat' dir='ltr'><strong>numeris</strong></span> <span class='ocrx_word' id='word_1_253' title='bbox 767 2499 891 2550; x_wconf 84' lang='lat' dir='ltr'><strong>dixit,</strong></span> <span class='ocrx_word' id='word_1_254' title='bbox 919 2499 1061 2553; x_wconf 88' lang='lat' dir='ltr'><strong>potius</strong></span> <span class='ocrx_word' id='word_1_255' title='bbox 1088 2499 1208 2540; x_wconf 90' lang='lat' dir='ltr'><strong>laudi</strong></span> <span class='ocrx_word' id='word_1_256' title='bbox 1237 2498 1413 2541; x_wconf 88' lang='lat' dir='ltr'><strong>arduum</strong></span> <span class='ocrx_word' id='word_1_257' title='bbox 1440 2496 1528 2539; x_wconf 84' lang='lat' dir='ltr'><strong>viri</strong></span> <span class='ocrx_word' id='word_1_258' title='bbox 1563 2494 1815 2552; x_wconf 87' lang='lat' dir='ltr'><strong>institutum,</strong></span> 
     </span>
    </p>
   </div>
   <div class='ocr_carea' id='block_1_7' title="bbox 390 2575 690 2582">
    <p class='ocr_par' dir='ltr' id='par_1_7' title="bbox 390 2575 690 2582">
     <span class='ocr_line' id='line_1_32' title="bbox 390 2575 690 2582; baseline 0 756"><span class='ocrx_word' id='word_1_259' title='bbox 390 2575 690 2582; x_wconf 95' lang='lat' dir='ltr'><strong> </strong></span> 
     </span>
    </p>
   </div>
   <div class='ocr_carea' id='block_1_8' title="bbox 429 2612 627 2774">
    <p class='ocr_par' dir='ltr' id='par_1_8' title="bbox 429 2612 627 2774">
     <span class='ocr_line' id='line_1_33' title="bbox 434 2612 593 2663; baseline 0.019 -11"><span class='ocrx_word' id='word_1_260' title='bbox 434 2613 466 2663; x_wconf 86' lang='lat'><strong>1)</strong></span> <span class='ocrx_word' id='word_1_261' title='bbox 495 2612 525 2654; x_wconf 92' lang='lat'><strong>1.</strong></span> <span class='ocrx_word' id='word_1_262' title='bbox 555 2613 593 2655; x_wconf 84' lang='lat'><strong>2.</strong></span> 
     </span>
     <span class='ocr_line' id='line_1_34' title="bbox 429 2666 627 2720; baseline 0.015 -12"><span class='ocrx_word' id='word_1_263' title='bbox 429 2670 465 2720; x_wconf 84' lang='lat'><strong>2)</strong></span> <span class='ocrx_word' id='word_1_264' title='bbox 494 2666 561 2711; x_wconf 89' lang='lat'>111.</span> <span class='ocrx_word' id='word_1_265' title='bbox 590 2671 627 2713; x_wconf 85' lang='lat'><strong>3.</strong></span> 
     </span>
     <span class='ocr_line' id='line_1_35' title="bbox 430 2723 615 2774; baseline 0.011 -10"><span class='ocrx_word' id='word_1_266' title='bbox 430 2724 460 2774; x_wconf 73' lang='lat'><strong>³)</strong></span> <span class='ocrx_word' id='word_1_267' title='bbox 491 2723 519 2765; x_wconf 87' lang='lat'><strong>1.</strong></span> <span class='ocrx_word' id='word_1_268' title='bbox 553 2724 615 2766; x_wconf 87' lang='lat'><strong>18.</strong></span> 
     </span>
    </p>
   </div>
  </div>
 </body>
</html>
