1961 3338
95 357 317 417 illustrata
333 370 442 412 sint.
497 367 535 409 A
561 367 766 411 Schutzio
793 368 901 412 baec
929 369 1074 424 operis
1089 399 1094 403 ,
1111 363 1345 427 antiquitas
1383 380 1506 410 aow-

97 427 449 497 rate‘explorata
477 442 522 480 et
551 439 840 484 demonstrata
879 444 958 494 est,
993 441 1074 483 illo
1107 438 1221 493 loco,
1254 452 1336 494 quo
1372 443 1516 482 osten-

96 516 200 558 dere
258 514 447 563 conatur,
506 509 752 555 Ciceronem
805 513 949 568 potius
1006 512 1282 566 Herenniani«
1320 511 1513 554 doctoris

95 599 200 640 opus
229 582 373 627 videri
399 583 680 637 supplevisse,
710 596 835 640 quam
861 583 973 627 hunc
1009 584 1132 626 illius
1170 583 1325 626 verba
1344 585 1513 625 contra-

93 658 213 699 xisse
233 656 280 708 ²).
307 654 463 700 Nullus
483 654 595 704 enim
621 659 767 697 exstat
788 657 921 709 locus,
941 655 1014 698 ubi
1033 658 1290 710 praeceptor
1304 654 1515 696 Herennii

92 728 271 770 Latinos
299 725 409 767 artis
438 725 669 780 scriptores
697 730 919 778 memoret;
944 728 1102 780 nullus,
1139 727 1251 769 unde
1289 724 1514 781 probabile

91 800 179 851 fiat,
207 800 281 839 aut
306 783 581 851 suspicemur,
617 797 664 838 in
700 797 924 840 consilium
963 811 1165 853 usumque
1204 798 1259 840 ab
1296 810 1348 839 eo
1383 809 1512 838 voc·-

91 874 171 913 tos.
201 868 364 911 Contra
389 868 580 911 Graecos
607 870 750 912 fontes
777 869 951 923 indicat,
979 869 1173 925 sequitur
1199 868 1373 925 partim,
1408 879 1512 923 par-

91 941 166 983 tim
195 939 428 994 improbat;
454 940 667 983 rationem
694 953 746 984 ao
760 953 931 994 morem,
948 954 1036 997 ,quo
1055 941 1103 983 in
1129 940 1395 995 emnendis
1414 939 1514 982 rbe-

89 1012 254 1053 toricae
280 1012 475 1065 partibus
504 1012 672 1054 versati
700 1016 801 1054 sunt
825 1012 1178 1066 Graeci‚.refert‚
1214 1025 1415 1068 suamque
1451 1009 1507 1055 il-

87 1083 226 1125 lorum
251 1082 477 1125 sententiis
505 1082 762 1129 sententiam
789 1082 966 1141 saepius·
991 1083 1178 1137 opponit.
1233 1083 1309 1126 Sic
1345 1083 1394 1125 in
1430 1094 1510 1124 ex,-

81 1154 239 1207 oemplis
267 1154 481 1208 eligendis
510 1166 585 1195 cur
614 1154 705 1195 suis
733 1166 857 1208 quam
884 1154 1042 1196 alienis
1063 1154 1267 1196 maluerit
1282 1155 1358 1205 uti,
1388 1154 1508 1208 quid-

81 1238 167 1279 que
196 1224 399 1268 commodi
427 1238 485 1266 ex
511 1224 593 1267 hac
620 1237 699 1267 sua
719 1225 890 1267 ratione
906 1229 1122 1277 nascatur,
1141 1224 1353 1268 adversus
1373 1225 1511 1268 Grae-

87 1287 159 1338 cos
203 1297 299 1338 fuse
339 1297 594 1352 prolixeque
632 1296 871 1348 defendit3'
894 1297 977 1339 illa
1023 1310 1144 1350 vero,
1189 1310 1298 1352 quae
1348 1297 1510 1339 Graeci

87 1369 322 1423 scriptores
356 1368 499 1411 inanis
536 1368 813 1424 arrogantiae
852 1380 983 1411 causa
1018 1368 1103 1412 sibi
1139 1369 1454 1421 assumsissent,
1484 1381 1512 1410 a

87 1454 135 1483 se
163 1441 400 1510 repudiata,
429 1454 480 1484 ac
518 1441 817 1496 simpliciorem
852 1441 1105 1484 tractandae
1138 1441 1255 1484 artis
1291 1441 1407 1483 viam
1441 1441 1511 1483 in·

93 1517 265 1562 ventam
292 1513 439 1556 tradit.
484 1515 721 1556 Praeterea
756 1514 951 1569 queritur
983 1513 1318 1568 magnitudinem
1352 1513 1509 1568 operis,

90 1586 212 1641 quod,
239 1589 287 1626 ut
312 1585 565 1628 rectissimis
602 1586 810 1629 Herennii
848 1585 1002 1629 studiis
1038 1585 1326 1639 satisfaceret,
1363 1598 1509 1628 susce-

85 1657 233 1712 pisset.
261 1657 335 1710 „Si
352 1658 517 1699 tardius
531 1657 663 1700 haec“
662 1689 673 1710 ‚
690 1658 842 1713 inquit,
868 1670 1016 1713 „quam
1035 1657 1193 1709 studeS,
1210 1658 1508 1709 absolventur,

82 1733 169 1771 tum
196 1742 338 1772 rerum
362 1730 657 1785 magnitudini,
694 1733 780 1772 tum
814 1730 976 1772 nostris
1017 1742 1180 1785 quoque
1217 1729 1505 1783 occupationi-

82 1802 162 1843 bus
190 1802 415 1856 assignare
444 1802 620 1845 debebis
651 1800 725 1855 ²).“
752 1803 842 1845 Nec
867 1814 1018 1856 parum
1057 1813 1214 1857 operae
1243 1813 1295 1844 ac
1322 1801 1505 1844 difficul-

83 1873 187 1916 tatis
216 1873 425 1917 afferebat
460 1873 675 1928 scriptori,
710 1873 821 1929 quod
857 1874 1022 1929 figuras
1057 1872 1281 1925 orationiS,
1317 1872 1503 1916 Graecis

80 1946 318 1987 nominibus
345 1946 589 2000 insignitas,
618 1946 788 1991 Latinis
816 1949 1072 1988 convertere
1101 1945 1338 1999 oportebat.
1393 1947 1502 1998 ‚No-

78 2017 196 2061 mina
221 2030 365 2060 rermn
401 2016 599 2061 Graeca“
629 2018 693 2060 ait
718 2030 850 2074 „quae
878 2016 1181 2069 convertimus,
1207 2006 1386 2059 remota*
1400 2022 1502 2059 sumt

83 2103 110 2131 a
137 2091 444 2133 consuetudine
471 2091 651 2134 Latina:
680 2103 789 2146 quae
817 2090 928 2133 enim
956 2102 1031 2131 res
1057 2088 1168 2143 apud
1202 2092 1375 2131 nostros
1410 2102 1498 2132 non

85 2165 220 2215 erant,
258 2175 403 2205 earum
436 2174 579 2204 rerum
621 2161 792 2207 nomina
825 2173 913 2204 non
958 2163 1161 2217 poterant
1196 2173 1292 2203 esse
1329 2161 1501 2205 usitata·

23 2268 26 2272 ,
80 2233 246 2286 „Ergo“
278 2233 397 2276 addit
431 2233 562 2287 „haec
582 2234 806 2288 asperiora
819 2232 955 2288 primo
974 2232 1204 2276 videantur
1219 2246 1398 2275 necesse
1419 2237 1499 2286 est,

77 2303 202 2356 idque
229 2306 306 2348 fiet
331 2306 411 2359 rei,
439 2319 524 2348 non
551 2310 703 2349 nostra
730 2306 984 2349 difficultate
1013 2303 1089 2359 ³).“
1116 2305 1229 2348 Hinc
1255 2304 1492 2359 colligitur,

125 2391 161 2469 Ξ)
189 2389 378 2492 ιΡιΊιιξιειιι.
405 2405 445 2447 p.
475 2390 538 2432 53.
569 2391 634 2433 59.
687 2420 708 2451 3

128 2449 163 2555 ΒΞ
192 2498 263 2541 lv.
292 2501 331 2543 7.
359 2502 584 2545 Obscurius
613 2502 761 2545 dictum
788 2500 944 2543 videtur
979 2502 1051 2549 rei,
1088 2514 1170 2541 non
1208 2506 1376 2542 nostra
1390 2501 1496 2554 diffi-

187 2556 345 2598 cultate.
374 2559 541 2613 Conjeci
566 2558 798 2611 legendum.
824 2559 946 2612 idque
969 2560 1042 2611 fiet
1058 2558 1125 2598 rei
1139 2557 1396 2611 dlffimdtate,
1414 2570 1496 2597 mm

186 2617 326 2653 nostra
355 2613 490 2669 culpa.
519 2612 773 2655 Vocabulum
801 2613 937 2668 culpa,
965 2613 1072 2667 quod
1098 2613 1200 2653 latet
1238 2614 1278 2653 iu
1313 2611 1491 2666 difficul-

186 2673 280 2715 tate,
309 2668 485 2712 sortasse
512 2670 760 2713 librariorum
788 2669 1092 2712 hallucinatione
1121 2668 1277 2711 excidit.
