<?xml version="1.0" encoding="UTF-8"?>
<!DOCTYPE html PUBLIC "-//W3C//DTD XHTML 1.0 Transitional//EN"
    "http://www.w3.org/TR/xhtml1/DTD/xhtml1-transitional.dtd">
<html xmlns="http://www.w3.org/1999/xhtml" xml:lang="en" lang="en">
 <head>
  <title>
</title>
<meta http-equiv="Content-Type" content="text/html;charset=utf-8" />
  <meta name='ocr-system' content='tesseract 3.04.00' />
  <meta name='ocr-capabilities' content='ocr_page ocr_carea ocr_par ocr_line ocrx_word'/>
</head>
<body>
  <div class='ocr_page' id='page_1' title='image "./4738125_0058.png"; bbox 0 0 1961 3338; ppageno 0'>
   <div class='ocr_carea' id='block_1_1' title="bbox 819 226 1253 329">
    <p class='ocr_par' dir='ltr' id='par_1_1' title="bbox 819 226 1253 329">
     <span class='ocr_line' id='line_1_1' title="bbox 819 226 1253 329; baseline -0.002 0"><span class='ocrx_word' id='word_1_1' title='bbox 819 226 1253 329; x_wconf 42' lang='lat'><strong>„—42—&#39;</strong></span> 
     </span>
    </p>
   </div>
   <div class='ocr_carea' id='block_1_2' title="bbox 349 388 1788 2099">
    <p class='ocr_par' dir='ltr' id='par_1_2' title="bbox 349 388 1788 1880">
     <span class='ocr_line' id='line_1_2' title="bbox 354 388 1781 453; baseline 0.001 -22"><span class='ocrx_word' id='word_1_2' title='bbox 354 391 523 453; x_wconf 83' lang='lat' dir='ltr'><strong>spectet</strong></span> <span class='ocrx_word' id='word_1_3' title='bbox 547 388 746 439; x_wconf 70' lang='lat' dir='ltr'><strong>laudatio</strong></span> <span class='ocrx_word' id='word_1_4' title='bbox 771 389 900 442; x_wconf 80' lang='lat' dir='ltr'><strong>Aelii,</strong></span> <span class='ocrx_word' id='word_1_5' title='bbox 929 402 1052 444; x_wconf 72' lang='lat' dir='ltr'><strong>quein</strong></span> <span class='ocrx_word' id='word_1_6' title='bbox 1084 391 1227 432; x_wconf 70' lang='lat' dir='ltr'><strong>viram</strong></span> <span class='ocrx_word' id='word_1_7' title='bbox 1244 391 1496 453; x_wconf 60' lang='lat' dir='ltr'><strong>cynegium</strong></span> <span class='ocrx_word' id='word_1_8' title='bbox 1514 392 1560 432; x_wconf 76' lang='lat' dir='ltr'><strong>et</strong></span> <span class='ocrx_word' id='word_1_9' title='bbox 1593 391 1781 444; x_wconf 67' lang='lat' dir='ltr'><strong>equum</strong></span> 
     </span>
     <span class='ocr_line' id='line_1_3' title="bbox 353 455 1781 517; baseline 0.001 -15"><span class='ocrx_word' id='word_1_10' title='bbox 353 455 603 504; x_wconf 68' lang='lat' dir='ltr'><strong>Romanam</strong></span> <span class='ocrx_word' id='word_1_11' title='bbox 625 472 741 506; x_wconf 77' lang='grc' dir='ltr'>ϊιοιι</span> <span class='ocrx_word' id='word_1_12' title='bbox 772 462 933 517; x_wconf 64' lang='lat' dir='ltr'><strong>prunis·-</strong></span> <span class='ocrx_word' id='word_1_13' title='bbox 966 459 1198 504; x_wconf 69' lang='lat' dir='ltr'><strong>hone-mm</strong></span> <span class='ocrx_word' id='word_1_14' title='bbox 1228 461 1427 517; x_wconf 66' lang='lat' dir='ltr'><strong>appellat</strong></span> <span class='ocrx_word' id='word_1_15' title='bbox 1460 459 1509 515; x_wconf 75' lang='lat'><strong>¹).</strong></span> <span class='ocrx_word' id='word_1_16' title='bbox 1570 459 1674 504; x_wconf 38' lang='lat' dir='ltr'><strong>sna-1</strong></span> <span class='ocrx_word' id='word_1_17' title='bbox 1694 472 1781 504; x_wconf 83' lang='lat' dir='ltr'><strong>nou</strong></span> 
     </span>
     <span class='ocr_line' id='line_1_4' title="bbox 354 531 1781 586; baseline 0.001 -14"><span class='ocrx_word' id='word_1_18' title='bbox 354 532 517 586; x_wconf 81' lang='lat' dir='ltr'><strong>optima</strong></span> <span class='ocrx_word' id='word_1_19' title='bbox 551 537 716 575; x_wconf 87' lang='lat' dir='ltr'><strong>tantum</strong></span> <span class='ocrx_word' id='word_1_20' title='bbox 752 534 975 574; x_wconf 85' lang='lat' dir='ltr'><strong>voluntate</strong></span> <span class='ocrx_word' id='word_1_21' title='bbox 1011 531 1160 573; x_wconf 83' lang='lat' dir='ltr'><strong>Aelius</strong></span> <span class='ocrx_word' id='word_1_22' title='bbox 1195 534 1403 576; x_wconf 75' lang='lat' dir='ltr'><strong>nobilium</strong></span> <span class='ocrx_word' id='word_1_23' title='bbox 1436 539 1632 576; x_wconf 87' lang='grc' dir='ltr'>(πωπω</span> <span class='ocrx_word' id='word_1_24' title='bbox 1647 532 1781 574; x_wconf 85' lang='lat' dir='ltr'><strong>tuitus</strong></span> 
     </span>
     <span class='ocr_line' id='line_1_5' title="bbox 357 602 1783 662; baseline 0 -15"><span class='ocrx_word' id='word_1_25' title='bbox 357 608 518 658; x_wconf 34' lang='grc' dir='ltr'><strong>(περιτο</strong></span> <span class='ocrx_word' id='word_1_26' title='bbox 546 604 675 648; x_wconf 88' lang='lat' dir='ltr'><strong>etiam</strong></span> <span class='ocrx_word' id='word_1_27' title='bbox 702 602 979 659; x_wconf 76' lang='lat' dir='ltr'><strong>consiliisque</strong></span> <span class='ocrx_word' id='word_1_28' title='bbox 1009 602 1187 658; x_wconf 86' lang='lat' dir='ltr'><strong>adjuvit.</strong></span> <span class='ocrx_word' id='word_1_29' title='bbox 1215 604 1492 661; x_wconf 71' lang='lat' dir='ltr'><strong>Atque-hine</strong></span> <span class='ocrx_word' id='word_1_30' title='bbox 1517 603 1783 662; x_wconf 68' lang='lat' dir='ltr'><strong>potissimum</strong></span> 
     </span>
     <span class='ocr_line' id='line_1_6' title="bbox 355 666 1783 731; baseline -0.001 -13"><span class='ocrx_word' id='word_1_31' title='bbox 355 666 631 731; x_wconf 80' lang='lat' dir='ltr'><strong>repetendam</strong></span> <span class='ocrx_word' id='word_1_32' title='bbox 660 675 859 725; x_wconf 80' lang='lat' dir='ltr'><strong>existimo</strong></span> <span class='ocrx_word' id='word_1_33' title='bbox 877 676 1236 725; x_wconf 70' lang='lat' dir='ltr'><strong>vconsuetudinem</strong></span> <span class='ocrx_word' id='word_1_34' title='bbox 1259 677 1604 723; x_wconf 72' lang='lat' dir='ltr'><strong>scribendarum·</strong></span> <span class='ocrx_word' id='word_1_35' title='bbox 1622 676 1783 719; x_wconf 82' lang='lat' dir='ltr'><strong>oratio-</strong></span> 
     </span>
     <span class='ocr_line' id='line_1_7' title="bbox 358 746 1782 804; baseline 0 -14"><span class='ocrx_word' id='word_1_36' title='bbox 358 761 469 801; x_wconf 88' lang='lat' dir='ltr'><strong>num,</strong></span> <span class='ocrx_word' id='word_1_37' title='bbox 498 746 617 802; x_wconf 82' lang='lat' dir='ltr'><strong>eujus</strong></span> <span class='ocrx_word' id='word_1_38' title='bbox 644 747 855 802; x_wconf 78' lang='lat' dir='ltr'><strong>propositi</strong></span> <span class='ocrx_word' id='word_1_39' title='bbox 882 748 997 790; x_wconf 84' lang='lat' dir='ltr'><strong>ratio</strong></span> <span class='ocrx_word' id='word_1_40' title='bbox 1027 760 1078 790; x_wconf 92' lang='lat' dir='ltr'><strong>eo</strong></span> <span class='ocrx_word' id='word_1_41' title='bbox 1104 747 1365 803; x_wconf 80' lang='lat' dir='ltr'><strong>praesertim</strong></span> <span class='ocrx_word' id='word_1_42' title='bbox 1379 749 1585 803; x_wconf 19' lang='lat' dir='ltr'><strong>&#39;valebat&#39;</strong></span> <span class='ocrx_word' id='word_1_43' title='bbox 1610 752 1658 791; x_wconf 91' lang='lat' dir='ltr'><strong>ut</strong></span> <span class='ocrx_word' id='word_1_44' title='bbox 1677 748 1782 804; x_wconf 68' lang='lat' dir='ltr'><strong>&#39;per-</strong></span> 
     </span>
     <span class='ocr_line' id='line_1_8' title="bbox 354 816 1782 877; baseline 0 -15"><span class='ocrx_word' id='word_1_45' title='bbox 354 820 532 862; x_wconf 88' lang='lat' dir='ltr'><strong>niciosis</strong></span> <span class='ocrx_word' id='word_1_46' title='bbox 558 821 767 862; x_wconf 85' lang='lat' dir='ltr'><strong>malorum</strong></span> <span class='ocrx_word' id='word_1_47' title='bbox 794 819 1022 862; x_wconf 73' lang='lat' dir='ltr'><strong>conatibus.</strong></span> <span class='ocrx_word' id='word_1_48' title='bbox 1044 816 1286 862; x_wconf 71' lang='lat' dir='ltr'><strong>resisteret.</strong></span> <span class='ocrx_word' id='word_1_49' title='bbox 1341 820 1523 877; x_wconf 80' lang='lat' dir='ltr'><strong>Semper</strong></span> <span class='ocrx_word' id='word_1_50' title='bbox 1559 821 1671 864; x_wconf 88' lang='lat' dir='ltr'><strong>enim</strong></span> <span class='ocrx_word' id='word_1_51' title='bbox 1705 834 1782 862; x_wconf 90' lang='lat' dir='ltr'><strong>no-</strong></span> 
     </span>
     <span class='ocr_line' id='line_1_9' title="bbox 356 890 1788 947; baseline 0.001 -12"><span class='ocrx_word' id='word_1_52' title='bbox 356 892 542 935; x_wconf 84' lang='lat' dir='ltr'><strong>bilitatis</strong></span> <span class='ocrx_word' id='word_1_53' title='bbox 569 891 798 945; x_wconf 81' lang='lat' dir='ltr'><strong>studiosus,</strong></span> <span class='ocrx_word' id='word_1_54' title='bbox 827 905 997 934; x_wconf 78' lang='lat' dir='ltr'><strong>causam</strong></span> <span class='ocrx_word' id='word_1_55' title='bbox 1034 890 1126 945; x_wconf 86' lang='lat' dir='ltr'><strong>ejus</strong></span> <span class='ocrx_word' id='word_1_56' title='bbox 1163 892 1373 935; x_wconf 85' lang='lat' dir='ltr'><strong>adversus</strong></span> <span class='ocrx_word' id='word_1_57' title='bbox 1410 894 1659 947; x_wconf 74' lang='lat' dir='ltr'><strong>popularem</strong></span> <span class='ocrx_word' id='word_1_58' title='bbox 1693 894 1788 936; x_wconf 83' lang='lat' dir='ltr'><strong>fac-</strong></span> 
     </span>
     <span class='ocr_line' id='line_1_10' title="bbox 354 963 1783 1018; baseline 0.001 -13"><span class='ocrx_word' id='word_1_59' title='bbox 354 963 528 1016; x_wconf 86' lang='lat' dir='ltr'><strong>tionem,</strong></span> <span class='ocrx_word' id='word_1_60' title='bbox 561 976 738 1006; x_wconf 86' lang='lat' dir='ltr'><strong>numero</strong></span> <span class='ocrx_word' id='word_1_61' title='bbox 780 967 827 1006; x_wconf 87' lang='lat' dir='ltr'><strong>et</strong></span> <span class='ocrx_word' id='word_1_62' title='bbox 854 964 1110 1007; x_wconf 86' lang='lat' dir='ltr'><strong>auctoritate</strong></span> <span class='ocrx_word' id='word_1_63' title='bbox 1146 964 1498 1018; x_wconf 77' lang='lat' dir='ltr'><strong>invalescentem,</strong></span> <span class='ocrx_word' id='word_1_64' title='bbox 1532 965 1667 1007; x_wconf 87' lang='lat' dir='ltr'><strong>tuitus</strong></span> <span class='ocrx_word' id='word_1_65' title='bbox 1702 969 1783 1008; x_wconf 83' lang='lat' dir='ltr'><strong>est.</strong></span> 
     </span>
     <span class='ocr_line' id='line_1_11' title="bbox 353 1027 1784 1090; baseline 0.001 -14"><span class='ocrx_word' id='word_1_66' title='bbox 353 1035 427 1076; x_wconf 78' lang='lat' dir='ltr'><strong>Ex</strong></span> <span class='ocrx_word' id='word_1_67' title='bbox 459 1035 529 1087; x_wconf 87' lang='lat' dir='ltr'><strong>iis,</strong></span> <span class='ocrx_word' id='word_1_68' title='bbox 564 1047 672 1090; x_wconf 85' lang='lat' dir='ltr'><strong>quos</strong></span> <span class='ocrx_word' id='word_1_69' title='bbox 708 1034 975 1078; x_wconf 81' lang='lat' dir='ltr'><strong>orationibus</strong></span> <span class='ocrx_word' id='word_1_70' title='bbox 1013 1036 1235 1089; x_wconf 82' lang='lat' dir='ltr'><strong>instruxit,</strong></span> <span class='ocrx_word' id='word_1_71' title='bbox 1271 1027 1548 1078; x_wconf 79' lang='lat' dir='ltr'><strong>nominantur</strong></span> <span class='ocrx_word' id='word_1_72' title='bbox 1584 1035 1640 1088; x_wconf 74' lang='lat' dir='ltr'><strong>Q.</strong></span> <span class='ocrx_word' id='word_1_73' title='bbox 1674 1036 1784 1079; x_wconf 78' lang='lat' dir='ltr'><strong>Ser-</strong></span> 
     </span>
     <span class='ocr_line' id='line_1_12' title="bbox 355 1101 1785 1163; baseline 0 -13"><span class='ocrx_word' id='word_1_74' title='bbox 355 1104 493 1150; x_wconf 73' lang='lat' dir='ltr'><strong>vilius</strong></span> <span class='ocrx_word' id='word_1_75' title='bbox 529 1103 716 1162; x_wconf 74' lang='lat' dir='ltr'><strong>Caepio,</strong></span> <span class='ocrx_word' id='word_1_76' title='bbox 752 1107 966 1163; x_wconf 85' lang='lat' dir='ltr'><strong>equestris</strong></span> <span class='ocrx_word' id='word_1_77' title='bbox 1010 1107 1176 1150; x_wconf 81' lang='lat' dir='ltr'><strong>ordinis</strong></span> <span class='ocrx_word' id='word_1_78' title='bbox 1218 1111 1523 1163; x_wconf 74' lang='lat' dir='ltr'><strong>propugnator,</strong></span> <span class='ocrx_word' id='word_1_79' title='bbox 1541 1101 1785 1151; x_wconf 9' lang='lat' dir='ltr'><strong>,Sanffloini</strong></span> 
     </span>
     <span class='ocr_line' id='line_1_13' title="bbox 355 1176 1786 1236; baseline 0.001 -16"><span class='ocrx_word' id='word_1_80' title='bbox 355 1179 639 1221; x_wconf 79' lang='lat' dir='ltr'><strong>adversarius</strong></span> <span class='ocrx_word' id='word_1_81' title='bbox 663 1178 721 1232; x_wconf 82' lang='lat'><strong>²):</strong></span> <span class='ocrx_word' id='word_1_82' title='bbox 752 1177 803 1222; x_wconf 81' lang='lat'><strong>0.</strong></span> <span class='ocrx_word' id='word_1_83' title='bbox 831 1176 1049 1222; x_wconf 72' lang='lat' dir='ltr'><strong>Aurelius</strong></span> <span class='ocrx_word' id='word_1_84' title='bbox 1077 1177 1229 1232; x_wconf 71' lang='lat' dir='ltr'><strong>Cotta,</strong></span> <span class='ocrx_word' id='word_1_85' title='bbox 1256 1181 1307 1222; x_wconf 85' lang='lat' dir='ltr'><strong>in</strong></span> <span class='ocrx_word' id='word_1_86' title='bbox 1332 1192 1414 1236; x_wconf 87' lang='lat' dir='ltr'><strong>quo</strong></span> <span class='ocrx_word' id='word_1_87' title='bbox 1441 1192 1638 1235; x_wconf 81' lang='lat' dir='ltr'><strong>magnam</strong></span> <span class='ocrx_word' id='word_1_88' title='bbox 1666 1192 1786 1236; x_wconf 81' lang='lat' dir='ltr'><strong>spem</strong></span> 
     </span>
     <span class='ocr_line' id='line_1_14' title="bbox 353 1250 1785 1308; baseline 0.001 -15"><span class='ocrx_word' id='word_1_89' title='bbox 353 1250 581 1306; x_wconf 78' lang='lat' dir='ltr'><strong>optimates</strong></span> <span class='ocrx_word' id='word_1_90' title='bbox 618 1251 845 1307; x_wconf 73' lang='lat' dir='ltr'><strong>dignitatis</strong></span> <span class='ocrx_word' id='word_1_91' title='bbox 885 1264 989 1294; x_wconf 87' lang='lat' dir='ltr'><strong>suae</strong></span> <span class='ocrx_word' id='word_1_92' title='bbox 1019 1250 1110 1307; x_wconf 84' lang='lat' dir='ltr'><strong>jam</strong></span> <span class='ocrx_word' id='word_1_93' title='bbox 1145 1256 1245 1306; x_wconf 80' lang='lat' dir='ltr'><strong>tum,</strong></span> <span class='ocrx_word' id='word_1_94' title='bbox 1282 1264 1376 1295; x_wconf 87' lang='lat' dir='ltr'><strong>cum</strong></span> <span class='ocrx_word' id='word_1_95' title='bbox 1411 1252 1675 1297; x_wconf 76' lang='lat' dir='ltr'><strong>tribunatum</strong></span> <span class='ocrx_word' id='word_1_96' title='bbox 1709 1265 1785 1308; x_wconf 89' lang='lat' dir='ltr'><strong>pe-</strong></span> 
     </span>
     <span class='ocr_line' id='line_1_15' title="bbox 353 1322 1784 1380; baseline 0.001 -16"><span class='ocrx_word' id='word_1_97' title='bbox 353 1326 480 1376; x_wconf 91' lang='lat' dir='ltr'><strong>teret,</strong></span> <span class='ocrx_word' id='word_1_98' title='bbox 520 1324 810 1375; x_wconf 81' lang='lat' dir='ltr'><strong>collocabant3</strong></span> <span class='ocrx_word' id='word_1_99' title='bbox 845 1323 919 1378; x_wconf 87' lang='lat' dir='ltr'><strong>qui</strong></span> <span class='ocrx_word' id='word_1_100' title='bbox 955 1336 1078 1380; x_wconf 84' lang='lat' dir='ltr'><strong>quum</strong></span> <span class='ocrx_word' id='word_1_101' title='bbox 1118 1337 1199 1379; x_wconf 92' lang='lat' dir='ltr'><strong>per</strong></span> <span class='ocrx_word' id='word_1_102' title='bbox 1241 1324 1449 1373; x_wconf 76' lang='lat' dir='ltr'><strong>invidiam</strong></span> <span class='ocrx_word' id='word_1_103' title='bbox 1493 1322 1697 1379; x_wconf 86' lang='lat' dir='ltr'><strong>depulsus</strong></span> <span class='ocrx_word' id='word_1_104' title='bbox 1732 1338 1784 1367; x_wconf 94' lang='lat' dir='ltr'><strong>eo</strong></span> 
     </span>
     <span class='ocr_line' id='line_1_16' title="bbox 352 1395 1784 1451; baseline 0.002 -14"><span class='ocrx_word' id='word_1_105' title='bbox 352 1406 529 1437; x_wconf 86' lang='lat' dir='ltr'><strong>munere</strong></span> <span class='ocrx_word' id='word_1_106' title='bbox 559 1398 605 1437; x_wconf 90' lang='lat' dir='ltr'><strong>et</strong></span> <span class='ocrx_word' id='word_1_107' title='bbox 630 1395 732 1451; x_wconf 85' lang='lat' dir='ltr'><strong>lege</strong></span> <span class='ocrx_word' id='word_1_108' title='bbox 760 1395 898 1439; x_wconf 87' lang='lat' dir='ltr'><strong>Varia</strong></span> <span class='ocrx_word' id='word_1_109' title='bbox 923 1408 1026 1438; x_wconf 90' lang='lat' dir='ltr'><strong>reus</strong></span> <span class='ocrx_word' id='word_1_110' title='bbox 1054 1396 1195 1439; x_wconf 79' lang='lat' dir='ltr'><strong>factus</strong></span> <span class='ocrx_word' id='word_1_111' title='bbox 1224 1399 1354 1450; x_wconf 76' lang='lat' dir='ltr'><strong>esset,</strong></span> <span class='ocrx_word' id='word_1_112' title='bbox 1382 1396 1429 1439; x_wconf 88' lang='lat' dir='ltr'><strong>in</strong></span> <span class='ocrx_word' id='word_1_113' title='bbox 1458 1409 1509 1439; x_wconf 91' lang='lat' dir='ltr'><strong>eo</strong></span> <span class='ocrx_word' id='word_1_114' title='bbox 1538 1395 1784 1440; x_wconf 76' lang='lat' dir='ltr'><strong>discrimine</strong></span> 
     </span>
     <span class='ocr_line' id='line_1_17' title="bbox 350 1465 1783 1523; baseline 0.001 -16"><span class='ocrx_word' id='word_1_115' title='bbox 350 1466 468 1508; x_wconf 82' lang='lat' dir='ltr'><strong>Aelii</strong></span> <span class='ocrx_word' id='word_1_116' title='bbox 494 1467 735 1521; x_wconf 83' lang='lat' dir='ltr'><strong>patrocinio</strong></span> <span class='ocrx_word' id='word_1_117' title='bbox 764 1471 833 1508; x_wconf 85' lang='lat' dir='ltr'><strong>est</strong></span> <span class='ocrx_word' id='word_1_118' title='bbox 859 1480 961 1508; x_wconf 85' lang='lat' dir='ltr'><strong>usus</strong></span> <span class='ocrx_word' id='word_1_119' title='bbox 992 1466 1050 1520; x_wconf 73' lang='grc'><strong>3);</strong></span> <span class='ocrx_word' id='word_1_120' title='bbox 1080 1466 1135 1520; x_wconf 74' lang='lat' dir='ltr'><strong>Q.</strong></span> <span class='ocrx_word' id='word_1_121' title='bbox 1163 1465 1406 1523; x_wconf 61' lang='lat' dir='ltr'><strong>Pompeius</strong></span> <span class='ocrx_word' id='word_1_122' title='bbox 1427 1465 1592 1520; x_wconf 73' lang='lat' dir='ltr'><strong>Rufus,</strong></span> <span class='ocrx_word' id='word_1_123' title='bbox 1622 1467 1783 1521; x_wconf 81' lang='lat' dir='ltr'><strong>Crassi,</strong></span> 
     </span>
     <span class='ocr_line' id='line_1_18' title="bbox 353 1533 1784 1594; baseline 0.001 -15"><span class='ocrx_word' id='word_1_124' title='bbox 353 1536 551 1580; x_wconf 83' lang='lat' dir='ltr'><strong>Antonii.</strong></span> <span class='ocrx_word' id='word_1_125' title='bbox 570 1541 615 1579; x_wconf 90' lang='lat' dir='ltr'><strong>et</strong></span> <span class='ocrx_word' id='word_1_126' title='bbox 653 1537 895 1581; x_wconf 84' lang='lat' dir='ltr'><strong>Scaevolae</strong></span> <span class='ocrx_word' id='word_1_127' title='bbox 928 1537 1118 1594; x_wconf 83' lang='lat' dir='ltr'><strong>Auguris</strong></span> <span class='ocrx_word' id='word_1_128' title='bbox 1153 1539 1385 1581; x_wconf 82' lang='lat' dir='ltr'><strong>familiaris</strong></span> <span class='ocrx_word' id='word_1_129' title='bbox 1410 1536 1463 1592; x_wconf 66' lang='lat'><strong>⁴),</strong></span> <span class='ocrx_word' id='word_1_130' title='bbox 1498 1533 1784 1594; x_wconf 80' lang='lat' dir='ltr'><strong>probabiliter</strong></span> 
     </span>
     <span class='ocr_line' id='line_1_19' title="bbox 349 1609 1783 1665; baseline 0.002 -16"><span class='ocrx_word' id='word_1_131' title='bbox 349 1609 474 1661; x_wconf 89' lang='lat' dir='ltr'><strong>idem,</strong></span> <span class='ocrx_word' id='word_1_132' title='bbox 504 1609 576 1664; x_wconf 90' lang='lat' dir='ltr'><strong>qui</strong></span> <span class='ocrx_word' id='word_1_133' title='bbox 603 1609 874 1663; x_wconf 82' lang='lat' dir='ltr'><strong>rogationem</strong></span> <span class='ocrx_word' id='word_1_134' title='bbox 901 1609 953 1652; x_wconf 89' lang='lat' dir='ltr'><strong>de</strong></span> <span class='ocrx_word' id='word_1_135' title='bbox 982 1609 1127 1652; x_wconf 87' lang='lat' dir='ltr'><strong>reditu</strong></span> <span class='ocrx_word' id='word_1_136' title='bbox 1153 1610 1327 1652; x_wconf 84' lang='lat' dir='ltr'><strong>Metelli</strong></span> <span class='ocrx_word' id='word_1_137' title='bbox 1356 1610 1569 1653; x_wconf 73' lang='lat' dir='ltr'><strong>Numidici</strong></span> <span class='ocrx_word' id='word_1_138' title='bbox 1586 1612 1783 1665; x_wconf 84' lang='lat' dir='ltr'><strong>promul-</strong></span> 
     </span>
     <span class='ocr_line' id='line_1_20' title="bbox 352 1679 1782 1738; baseline 0.001 -15"><span class='ocrx_word' id='word_1_139' title='bbox 352 1681 479 1736; x_wconf 84' lang='lat' dir='ltr'><strong>gavit</strong></span> <span class='ocrx_word' id='word_1_140' title='bbox 508 1679 558 1735; x_wconf 71' lang='lat'><strong>5).</strong></span> <span class='ocrx_word' id='word_1_141' title='bbox 615 1682 775 1724; x_wconf 84' lang='lat' dir='ltr'><strong>Postea</strong></span> <span class='ocrx_word' id='word_1_142' title='bbox 811 1681 973 1726; x_wconf 83' lang='lat' dir='ltr'><strong>Consul</strong></span> <span class='ocrx_word' id='word_1_143' title='bbox 1011 1684 1059 1725; x_wconf 79' lang='grc' dir='ltr'><strong>Ρ.</strong></span> <span class='ocrx_word' id='word_1_144' title='bbox 1099 1681 1292 1737; x_wconf 90' lang='lat' dir='ltr'><strong>Sulpicio</strong></span> <span class='ocrx_word' id='word_1_145' title='bbox 1342 1683 1467 1736; x_wconf 78' lang='lat' dir='ltr'><strong>Rufo,</strong></span> <span class='ocrx_word' id='word_1_146' title='bbox 1514 1681 1782 1738; x_wconf 85' lang='lat' dir='ltr'><strong>perniciosas</strong></span> 
     </span>
     <span class='ocr_line' id='line_1_21' title="bbox 352 1753 1786 1809; baseline 0.001 -13"><span class='ocrx_word' id='word_1_147' title='bbox 352 1753 478 1808; x_wconf 89' lang='lat' dir='ltr'><strong>leges</strong></span> <span class='ocrx_word' id='word_1_148' title='bbox 527 1754 831 1809; x_wconf 84' lang='lat' dir='ltr'><strong>promulganti,</strong></span> <span class='ocrx_word' id='word_1_149' title='bbox 878 1758 923 1796; x_wconf 90' lang='lat' dir='ltr'><strong>et</strong></span> <span class='ocrx_word' id='word_1_150' title='bbox 976 1754 1264 1798; x_wconf 86' lang='lat' dir='ltr'><strong>intercedenti</strong></span> <span class='ocrx_word' id='word_1_151' title='bbox 1302 1767 1357 1798; x_wconf 89' lang='lat' dir='ltr'><strong>ne</strong></span> <span class='ocrx_word' id='word_1_152' title='bbox 1395 1755 1572 1798; x_wconf 86' lang='lat' dir='ltr'><strong>exsules</strong></span> <span class='ocrx_word' id='word_1_153' title='bbox 1606 1767 1786 1798; x_wconf 83' lang='lat' dir='ltr'><strong>revoca-</strong></span> 
     </span>
     <span class='ocr_line' id='line_1_22' title="bbox 351 1824 1601 1880; baseline 0.001 -12"><span class='ocrx_word' id='word_1_154' title='bbox 351 1829 518 1878; x_wconf 88' lang='lat' dir='ltr'><strong>rentur,</strong></span> <span class='ocrx_word' id='word_1_155' title='bbox 537 1825 805 1868; x_wconf 82' lang='lat' dir='ltr'><strong>adversatus</strong></span> <span class='ocrx_word' id='word_1_156' title='bbox 834 1829 903 1868; x_wconf 88' lang='lat' dir='ltr'><strong>est</strong></span> <span class='ocrx_word' id='word_1_157' title='bbox 930 1824 981 1880; x_wconf 87' lang='lat'><strong>⁶).</strong></span> <span class='ocrx_word' id='word_1_158' title='bbox 1597 1835 1601 1837; x_wconf 86' lang='grc'><strong><em>·</em></strong></span> 
     </span>
    </p>

    <p class='ocr_par' dir='ltr' id='par_1_3' title="bbox 351 1897 1786 2099">
     <span class='ocr_line' id='line_1_23' title="bbox 436 1897 1784 1955; baseline 0.003 -17"><span class='ocrx_word' id='word_1_159' title='bbox 436 1897 529 1939; x_wconf 83' lang='lat' dir='ltr'><strong>Hoc</strong></span> <span class='ocrx_word' id='word_1_160' title='bbox 557 1909 663 1939; x_wconf 88' lang='lat' dir='ltr'><strong>sane</strong></span> <span class='ocrx_word' id='word_1_161' title='bbox 692 1898 965 1954; x_wconf 79' lang='lat' dir='ltr'><strong>suscipiendo</strong></span> <span class='ocrx_word' id='word_1_162' title='bbox 992 1910 1170 1941; x_wconf 86' lang='lat' dir='ltr'><strong>munere</strong></span> <span class='ocrx_word' id='word_1_163' title='bbox 1198 1899 1368 1941; x_wconf 87' lang='lat' dir='ltr'><strong>omnino</strong></span> <span class='ocrx_word' id='word_1_164' title='bbox 1396 1911 1484 1942; x_wconf 89' lang='lat' dir='ltr'><strong>non</strong></span> <span class='ocrx_word' id='word_1_165' title='bbox 1512 1904 1672 1955; x_wconf 86' lang='lat' dir='ltr'><strong>expers</strong></span> <span class='ocrx_word' id='word_1_166' title='bbox 1699 1899 1784 1943; x_wconf 83' lang='lat' dir='ltr'><strong>fuit</strong></span> 
     </span>
     <span class='ocr_line' id='line_1_24' title="bbox 351 1970 1786 2027; baseline 0.003 -17"><span class='ocrx_word' id='word_1_167' title='bbox 351 1970 619 2023; x_wconf 84' lang='lat' dir='ltr'><strong>reipublicae</strong></span> <span class='ocrx_word' id='word_1_168' title='bbox 672 1970 750 2011; x_wconf 87' lang='lat' dir='ltr'><strong>sed</strong></span> <span class='ocrx_word' id='word_1_169' title='bbox 795 1972 974 2025; x_wconf 87' lang='lat' dir='ltr'><strong>egregie</strong></span> <span class='ocrx_word' id='word_1_170' title='bbox 1012 1972 1188 2025; x_wconf 83' lang='lat' dir='ltr'><strong>profuit,</strong></span> <span class='ocrx_word' id='word_1_171' title='bbox 1234 1972 1473 2026; x_wconf 83' lang='lat' dir='ltr'><strong>dignusque</strong></span> <span class='ocrx_word' id='word_1_172' title='bbox 1510 1973 1606 2025; x_wconf 83' lang='lat' dir='ltr'><strong>fuit,</strong></span> <span class='ocrx_word' id='word_1_173' title='bbox 1647 1973 1719 2027; x_wconf 89' lang='lat' dir='ltr'><strong>qui</strong></span> <span class='ocrx_word' id='word_1_174' title='bbox 1757 1987 1786 2016; x_wconf 87' lang='lat' dir='ltr'><strong>a</strong></span> 
     </span>
     <span class='ocr_line' id='line_1_25' title="bbox 351 2040 1785 2099; baseline 0.003 -16"><span class='ocrx_word' id='word_1_175' title='bbox 351 2041 534 2084; x_wconf 85' lang='lat' dir='ltr'><strong>Metello</strong></span> <span class='ocrx_word' id='word_1_176' title='bbox 564 2041 782 2084; x_wconf 88' lang='lat' dir='ltr'><strong>coleretur</strong></span> <span class='ocrx_word' id='word_1_177' title='bbox 815 2040 864 2096; x_wconf 92' lang='lat'><strong>⁷).</strong></span> <span class='ocrx_word' id='word_1_178' title='bbox 902 2042 967 2085; x_wconf 80' lang='lat' dir='ltr'><strong>Eo</strong></span> <span class='ocrx_word' id='word_1_179' title='bbox 997 2042 1133 2098; x_wconf 88' lang='lat' dir='ltr'><strong>igitur</strong></span> <span class='ocrx_word' id='word_1_180' title='bbox 1159 2046 1384 2098; x_wconf 85' lang='lat' dir='ltr'><strong>postquam</strong></span> <span class='ocrx_word' id='word_1_181' title='bbox 1409 2055 1484 2085; x_wconf 90' lang='lat' dir='ltr'><strong>res</strong></span> <span class='ocrx_word' id='word_1_182' title='bbox 1511 2048 1785 2099; x_wconf 86' lang='lat' dir='ltr'><strong>pervenerat,</strong></span> 
     </span>
    </p>
   </div>
   <div class='ocr_carea' id='block_1_3' title="bbox 355 2132 672 2141">
    <p class='ocr_par' dir='ltr' id='par_1_4' title="bbox 355 2132 672 2141">
     <span class='ocr_line' id='line_1_26' title="bbox 355 2132 672 2141; baseline 0 1197"><span class='ocrx_word' id='word_1_183' title='bbox 355 2132 672 2141; x_wconf 95' lang='lat' dir='ltr'><strong> </strong></span> 
     </span>
    </p>
   </div>
   <div class='ocr_carea' id='block_1_4' title="bbox 311 2187 1786 2630">
    <p class='ocr_par' dir='ltr' id='par_1_5' title="bbox 311 2187 682 2241">
     <span class='ocr_line' id='line_1_27' title="bbox 311 2187 682 2241; baseline 0 -11"><span class='ocrx_word' id='word_1_184' title='bbox 311 2192 313 2194; x_wconf 60' lang='grc'><strong>“</strong></span> <span class='ocrx_word' id='word_1_185' title='bbox 397 2190 429 2241; x_wconf 83' lang='lat'><strong>¹)</strong></span> <span class='ocrx_word' id='word_1_186' title='bbox 458 2188 587 2229; x_wconf 89' lang='lat' dir='ltr'><strong>Bruto</strong></span> <span class='ocrx_word' id='word_1_187' title='bbox 615 2187 682 2230; x_wconf 81' lang='lat'><strong>56.</strong></span> 
     </span>
    </p>

    <p class='ocr_par' dir='ltr' id='par_1_6' title="bbox 394 2239 1205 2295">
     <span class='ocr_line' id='line_1_28' title="bbox 394 2239 1205 2295; baseline -0.004 -12"><span class='ocrx_word' id='word_1_188' title='bbox 394 2245 431 2295; x_wconf 83' lang='lat'><strong>2)</strong></span> <span class='ocrx_word' id='word_1_189' title='bbox 460 2242 587 2283; x_wconf 84' lang='lat' dir='ltr'><strong>Bruto</strong></span> <span class='ocrx_word' id='word_1_190' title='bbox 615 2243 641 2283; x_wconf 90' lang='grc'><strong>1.</strong></span> <span class='ocrx_word' id='word_1_191' title='bbox 669 2243 700 2283; x_wconf 89' lang='lat'><strong>1.</strong></span> <span class='ocrx_word' id='word_1_192' title='bbox 724 2241 844 2282; x_wconf 81' lang='lat' dir='ltr'><strong>Auct.</strong></span> <span class='ocrx_word' id='word_1_193' title='bbox 874 2241 928 2281; x_wconf 82' lang='lat' dir='ltr'><strong>acl</strong></span> <span class='ocrx_word' id='word_1_194' title='bbox 954 2239 1050 2281; x_wconf 87' lang='lat' dir='ltr'><strong>Her.</strong></span> <span class='ocrx_word' id='word_1_195' title='bbox 1079 2243 1111 2283; x_wconf 89' lang='grc' dir='ltr'><strong>Ι.</strong></span> <span class='ocrx_word' id='word_1_196' title='bbox 1143 2240 1205 2281; x_wconf 80' lang='lat'><strong>12.</strong></span> 
     </span>
    </p>

    <p class='ocr_par' dir='ltr' id='par_1_7' title="bbox 400 2294 1239 2352">
     <span class='ocr_line' id='line_1_29' title="bbox 400 2294 1239 2352; baseline -0.005 -12"><span class='ocrx_word' id='word_1_197' title='bbox 400 2299 436 2352; x_wconf 77' lang='grc'><strong>3)</strong></span> <span class='ocrx_word' id='word_1_198' title='bbox 465 2297 592 2340; x_wconf 82' lang='lat' dir='ltr'><strong>Bruto</strong></span> <span class='ocrx_word' id='word_1_199' title='bbox 620 2298 699 2338; x_wconf 76' lang='grc'><strong>1.1.</strong></span> <span class='ocrx_word' id='word_1_200' title='bbox 728 2296 794 2339; x_wconf 87' lang='lat' dir='ltr'><strong>De</strong></span> <span class='ocrx_word' id='word_1_201' title='bbox 822 2295 936 2337; x_wconf 81' lang='lat' dir='ltr'><strong>Orat.</strong></span> <span class='ocrx_word' id='word_1_202' title='bbox 968 2294 1239 2339; x_wconf 86' lang='lat'><strong>1.7.111.3.</strong></span> 
     </span>
    </p>

    <p class='ocr_par' dir='ltr' id='par_1_8' title="bbox 398 2352 946 2407">
     <span class='ocr_line' id='line_1_30' title="bbox 398 2352 946 2407; baseline 0 -13"><span class='ocrx_word' id='word_1_203' title='bbox 398 2353 434 2407; x_wconf 61' lang='grc' dir='ltr'><strong>ιι)</strong></span> <span class='ocrx_word' id='word_1_204' title='bbox 464 2354 548 2395; x_wconf 85' lang='lat' dir='ltr'><strong>Cic.</strong></span> <span class='ocrx_word' id='word_1_205' title='bbox 578 2352 642 2395; x_wconf 92' lang='lat' dir='ltr'><strong>De</strong></span> <span class='ocrx_word' id='word_1_206' title='bbox 672 2353 782 2395; x_wconf 83' lang='lat' dir='ltr'><strong>Orat</strong></span> <span class='ocrx_word' id='word_1_207' title='bbox 815 2355 847 2396; x_wconf 89' lang='lat'>1</span> <span class='ocrx_word' id='word_1_208' title='bbox 879 2352 946 2394; x_wconf 87' lang='grc'><strong>37.</strong></span> 
     </span>
    </p>

    <p class='ocr_par' dir='ltr' id='par_1_9' title="bbox 398 2408 1784 2564">
     <span class='ocr_line' id='line_1_31' title="bbox 398 2408 1784 2521; baseline 0.001 -14"><span class='ocrx_word' id='word_1_209' title='bbox 398 2411 434 2521; x_wconf 57' lang='lat'><strong>23</strong></span> <span class='ocrx_word' id='word_1_210' title='bbox 462 2409 662 2520; x_wconf 48' lang='lat' dir='ltr'><strong>groslu?</strong></span> <span class='ocrx_word' id='word_1_211' title='bbox 653 2413 718 2506; x_wconf 54' lang='lat'>¹81}</span> <span class='ocrx_word' id='word_1_212' title='bbox 747 2408 799 2505; x_wconf 60' lang='grc' dir='ltr'><strong>ἕ.</strong></span> <span class='ocrx_word' id='word_1_213' title='bbox 821 2410 946 2507; x_wconf 44' lang='lat'>{755-</span> <span class='ocrx_word' id='word_1_214' title='bbox 974 2476 1065 2517; x_wconf 89' lang='lat' dir='ltr'><strong>sqq.</strong></span> <span class='ocrx_word' id='word_1_215' title='bbox 1092 2463 1181 2504; x_wconf 85' lang='lat' dir='ltr'><strong>Liv.</strong></span> <span class='ocrx_word' id='word_1_216' title='bbox 1209 2462 1320 2518; x_wconf 88' lang='lat' dir='ltr'><strong>Epit.</strong></span> <span class='ocrx_word' id='word_1_217' title='bbox 1359 2462 1426 2505; x_wconf 87' lang='grc'><strong>77.</strong></span> <span class='ocrx_word' id='word_1_218' title='bbox 1464 2417 1572 2506; x_wconf 86' lang='lat' dir='ltr'><strong>Vell.</strong></span> <span class='ocrx_word' id='word_1_219' title='bbox 1600 2463 1691 2506; x_wconf 81' lang='lat' dir='ltr'><strong>Pat.</strong></span> <span class='ocrx_word' id='word_1_220' title='bbox 1729 2467 1784 2509; x_wconf 89' lang='lat'><strong>11</strong></span> 
     </span>
     <span class='ocr_line' id='line_1_32' title="bbox 468 2479 1032 2564; baseline -0.004 -2"><span class='ocrx_word' id='word_1_221' title='bbox 468 2521 533 2563; x_wconf 88' lang='grc'><strong>18.</strong></span> <span class='ocrx_word' id='word_1_222' title='bbox 533 2479 628 2562; x_wconf 71' lang='grc' dir='ltr'><strong>Ρ.19</strong></span> <span class='ocrx_word' id='word_1_223' title='bbox 656 2520 763 2562; x_wconf 88' lang='lat' dir='ltr'><strong>Flor.</strong></span> <span class='ocrx_word' id='word_1_224' title='bbox 793 2523 866 2564; x_wconf 86' lang='lat'><strong>111.</strong></span> <span class='ocrx_word' id='word_1_225' title='bbox 894 2520 962 2561; x_wconf 85' lang='lat'><strong>21.</strong></span> <span class='ocrx_word' id='word_1_226' title='bbox 992 2519 1032 2560; x_wconf 87' lang='grc'><strong>6.</strong></span> 
     </span>
    </p>

    <p class='ocr_par' dir='ltr' id='par_1_10' title="bbox 402 2574 1786 2630">
     <span class='ocr_line' id='line_1_33' title="bbox 402 2574 1786 2630; baseline -0.001 -14"><span class='ocrx_word' id='word_1_227' title='bbox 402 2579 435 2630; x_wconf 86' lang='lat'><strong>⁷)</strong></span> <span class='ocrx_word' id='word_1_228' title='bbox 463 2576 613 2617; x_wconf 85' lang='lat' dir='ltr'><strong>Exstat</strong></span> <span class='ocrx_word' id='word_1_229' title='bbox 647 2576 757 2630; x_wconf 86' lang='lat' dir='ltr'><strong>apud</strong></span> <span class='ocrx_word' id='word_1_230' title='bbox 802 2575 1047 2616; x_wconf 83' lang='lat' dir='ltr'><strong>Frontonem</strong></span> <span class='ocrx_word' id='word_1_231' title='bbox 1088 2575 1203 2615; x_wconf 85' lang='lat' dir='ltr'><strong>locus</strong></span> <span class='ocrx_word' id='word_1_232' title='bbox 1241 2579 1300 2628; x_wconf 87' lang='lat' dir='ltr'><strong>(p.</strong></span> <span class='ocrx_word' id='word_1_233' title='bbox 1340 2575 1409 2618; x_wconf 84' lang='grc'><strong>46</strong></span> <span class='ocrx_word' id='word_1_234' title='bbox 1462 2574 1675 2627; x_wconf 84' lang='lat' dir='ltr'><strong>Niebuhr.)</strong></span> <span class='ocrx_word' id='word_1_235' title='bbox 1715 2577 1786 2616; x_wconf 87' lang='lat' dir='ltr'><strong>ubi</strong></span> 
     </span>
    </p>
   </div>
   <div class='ocr_carea' id='block_1_5' title="bbox 461 2624 1786 2737">
    <p class='ocr_par' dir='ltr' id='par_1_11' title="bbox 461 2624 1786 2737">
     <span class='ocr_line' id='line_1_34' title="bbox 461 2624 1786 2679; baseline -0.002 -7"><span class='ocrx_word' id='word_1_236' title='bbox 461 2631 569 2673; x_wconf 84' lang='lat' dir='ltr'><strong>Aelii</strong></span> <span class='ocrx_word' id='word_1_237' title='bbox 597 2624 746 2672; x_wconf 87' lang='lat' dir='ltr'><strong>mentio</strong></span> <span class='ocrx_word' id='word_1_238' title='bbox 775 2631 835 2672; x_wconf 85' lang='lat' dir='ltr'><strong>fit.</strong></span> <span class='ocrx_word' id='word_1_239' title='bbox 868 2630 982 2679; x_wconf 72' lang='lat' dir='ltr'><strong>Quid</strong></span> <span class='ocrx_word' id='word_1_240' title='bbox 1006 2629 1087 2670; x_wconf 82' lang='lat' dir='ltr'><strong>tale</strong></span> <span class='ocrx_word' id='word_1_241' title='bbox 1107 2629 1167 2672; x_wconf 87' lang='lat' dir='ltr'><strong>M.</strong></span> <span class='ocrx_word' id='word_1_242' title='bbox 1187 2629 1342 2672; x_wconf 73' lang='lat' dir='ltr'><strong>Porcio</strong></span> <span class='ocrx_word' id='word_1_243' title='bbox 1367 2634 1441 2671; x_wconf 81' lang='lat' dir='ltr'><strong>aut</strong></span> <span class='ocrx_word' id='word_1_244' title='bbox 1475 2629 1629 2677; x_wconf 76' lang='lat' dir='ltr'><strong>Quinto</strong></span> <span class='ocrx_word' id='word_1_245' title='bbox 1648 2630 1786 2672; x_wconf 75' lang='lat' dir='ltr'><strong>Ennio</strong></span> 
     </span>
     <span class='ocr_line' id='line_1_35' title="bbox 462 2684 1786 2737; baseline -0.001 -9"><span class='ocrx_word' id='word_1_246' title='bbox 462 2692 534 2729; x_wconf 82' lang='lat' dir='ltr'><strong>aut</strong></span> <span class='ocrx_word' id='word_1_247' title='bbox 578 2687 623 2730; x_wconf 85' lang='lat' dir='ltr'><strong>G.</strong></span> <span class='ocrx_word' id='word_1_248' title='bbox 654 2686 846 2729; x_wconf 78' lang='lat' dir='ltr'><strong>Graccho</strong></span> <span class='ocrx_word' id='word_1_249' title='bbox 900 2691 974 2728; x_wconf 82' lang='lat' dir='ltr'><strong>aut</strong></span> <span class='ocrx_word' id='word_1_250' title='bbox 1023 2686 1127 2728; x_wconf 71' lang='lat' dir='ltr'><strong>Titio</strong></span> <span class='ocrx_word' id='word_1_251' title='bbox 1184 2684 1578 2737; x_wconf 66' lang='lat' dir='ltr'><strong>(fort.T1·ta·nio‚cui</strong></span> <span class='ocrx_word' id='word_1_252' title='bbox 1608 2687 1786 2728; x_wconf 85' lang='lat' dir='ltr'><strong>comicus</strong></span> 
     </span>
    </p>
   </div>
  </div>
 </body>
</html>
