1961 3338
425 318 514 362 Sed
541 318 731 361 instituti
757 318 853 372 mei,
873 319 913 361 si
940 322 1069 361 vacat
1097 311 1148 361 ac
1175 302 1297 372 lisset,
1324 317 1533 374 originem
1561 318 1607 359 et·
1631 313 1768 359 rafio-

340 420 436 448 nem
471 407 620 460 paucis
661 407 819 459 accipe.
876 406 1075 448 Ciceroni
1111 410 1261 447 nostro
1286 410 1519 467 *postquam
1554 407 1666 473 ante,
1689 401 1781 452 ab*

343 495 561 540 biennium
582 493 930 548 jucundissimam
967 506 1140 549 operam
1175 490 1693 545 navaveram,³²sdiscessi-
1715 490 1772 533 ab
1788 480 1807 516 '¹

345 581 438 637 ejus
475 582 676 634 lectione,
713 586 914 637 tanquam
958 584 1110 636 postea
1152 580 1208 623 ad
1245 578 1435 622 eandem·
1466 577 1629 634 maiore
1682 569 1775 620 cum

348 671 585 723 voluptate,
631 668 784 722 quippe
824 668 878 709 ad
925 667 1141 721 insignius
1182 650 1402 709 doctrinae
1441 666 1775 716 emolumentum,

353 758 586 800 red-iturus.
628 758 805 798 Interea
831 756 995 798 monuit
1021 770 1088 798 me
1116 756 1314 806 Rubrius,
1344 758 1395 799 V.
1421 755 1499 807 CL,
1535 748 1659 809 quum
1687 753 1777 801 alia

346 841 394 884 in
423 841 656 896 scriptione
684 852 780 883 mea
808 840 861 883 de
892 841 1101 884 Cicerone
1130 824 1379 892 ‹pazoizzdwm
1405 839 1643 895 probasset,
1670 850 1777 879 non-

348 930 444 970 dum
473 929 557 970 sibi
586 929 638 970 de
669 928 896 983 Gniphoue
925 929 1068 983 operis
1097 928 1364 970 Herenniani
1394 931 1581 978 auctore,
1617 926 1664 968 in
1694 937 1775 980 quo

352 1016 612 1057 vindicando
661 1014 868 1057 Schutzio
915 1027 1055 1055 essem
1104 1026 1321 1065 assensuS,
1367 1000 1617 1079 persuasum
1665 1025 1775 1052 esse.

350 1104 445 1154 Qua
474 1116 555 1157 ego
585 1088 870 1144 admonitione
909 1092 1136 1154 excitatus,
1176 1092 1348 1155 saepius
1364 1077 1466 1143 ”rem
1486 1091 1779 1152 consideravi,

353 1189 490 1231 donec
531 1178 694 1231 erroris
730 1188 834 1230 mihi
873 1188 1055 1240 conscio,
1094 1191 1138 1230 et
1176 1188 1222 1230 in
1263 1188 1392 1231 aliam
1431 1178 1571 1231 subito
1609 1191 1781 1230 senten-⁴

351 1278 456 1318 tiam
484 1290 626 1329 verso,
654 1277 770 1318 Aelii
798 1277 982 1319 Stilonis
1011 1277 1269 1318 Praeconini
1296 1277 1342 1319 in
1380 1281 1562 1320 mentem
1597 1278 1782 1319 veniret.

352 1364 433 1407 nic
470 1369 515 1407 et
550 1369 784 1419 temporum
819 1365 992 1407 illorum
1037 1366 1230 1420 aequalis
1266 1365 1490 1407 ferebatur
1530 1369 1575 1407 et
1615 1378 1643 1408 a
1681 1344 1791 1428 doe-s?

353 1453 497 1495 trinae
513 1453 648 1506 modo,
669 1466 791 1508 quem
812 1454 1035 1496 referebat
1063 1453 1381 1495 Herennianum
1401 1466 1517 1508 opus,
1533 1467 1620 1495 uon
1639 1454 1782 1507 valde,

358 1544 505 1595 utpote
543 1540 854 1583 Grammaticus
895 1554 946 1582 ac
984 1540 1159 1593 Rhetor,
1199 1541 1398 1582 diversus
1443 1555 1538 1583 esse
1588 1546 1784 1596 poterat:

354 1606 445 1670 alia
473 1641 651 1684 quoque,
679 1628 850 1683 utrique
880 1628 1124 1681 communia,
1142 1627 1344 1682 majorem
1365 1629 1626 1672 evidentiam
1642 1629 1788 1674 fidem-

359 1700 440 1775 que
464 1716 700 1762 faciebant.
727 1715 804 1758 Sic
820 1715 1074 1769 plaudebam
1100 1714 1205 1757 mihi
1233 1719 1433 1771 tanquam
1452 1716 1723 1772 εὖημερήσανπι,
1740 1721 1786 1759 et

357 1817 437 1847 acu
464 1818 555 1847 rem
583 1804 783 1859 tetigisse
812 1804 1016 1856 videbam
1046 1805 1198 1860 quippe
1228 1819 1320 1848 cum
1349 1819 1412 1859 eo,
1442 1819 1563 1862 quem
1590 1806 1693 1850 mihi
1711 1819 1786 1848 ve-

354 1905 448 1935 rum
465 1893 610 1947 operis
626 1897 843 1949 auctorem
868 1894 1094 1946 finxeram,
1123 1894 1348 1937 constabat
1377 1893 1578 1937 Ciceroni
1597 1870 1783 1950 ¹aliquod

359 1982 593 2023 studiorum
609 1983 867 2023 consortium
882 1983 1031 2034 fuisse,
1049 1983 1160 2037 quod
1178 1983 1313 2036 ipsum
1329 1983 1383 2024 ad
1402 1983 1699 2037 explanandas
1718 1996 1787 2025 ce-

360 2073 480 2111 teras
511 2068 789 2110 difficultates
818 2082 943 2110 unum
959 2069 1143 2111 maxime
1168 2071 1318 2112 valere
1340 2069 1445 2111 mihi
1466 2070 1788 2124 persuadebam.

357 2137 507 2211 Itaque
524 2169 611 2197 non
633 2161 729 2198 erat
748 2156 857 2212 quod
878 2169 1072 2210 vererer,
1094 2170 1149 2199 ne
1166 2139 1442 2200 commentitii
1464 2157 1563 2212 quid
1585 2158 1790 2201 somnias-

361 2256 461 2297 sem,
469 2245 745 2299 inventisque
763 2245 869 2287 meis
882 2245 1021 2297 citiuS,
1040 2258 1163 2299 quam
1178 2245 1339 2300 potitus
1360 2259 1508 2299 essem,
1518 2247 1791 2289 exturbaret.

627 2343 682 2397 ’.η
711 2349 940 2390 δυστάλαντα
969 2349 1032 2399 τῆς
1060 2349 1149 2400 ἐμῆς
1176 2347 1394 2403 αὕθαδίαςέ

448 2446 528 2487 nic
569 2458 687 2497 vero,
724 2446 922 2498 Roversi,
960 2446 1171 2488 continuit
1214 2459 1279 2488 me
1326 2450 1521 2489 veterum
1566 2449 1792 2502 sapientia,

366 2534 581 2589 officiique
610 2535 836 2589 praeclare
866 2535 1094 2582 admonuit.
1136 2535 1346 2589 Imprimis
1375 2535 1498 2587 enim,
1528 2549 1647 2590 quem
1675 2550 1791 2593 mag-

360 2636 520 2679 nopere
550 2623 795 2676 admirabar
825 2623 1085 2664 excellentis
1113 2623 1259 2676 operis
1294 2626 1520 2676 auctorem,
1557 2624 1812 2691 Quintilia->
