1961 3338
82 361 350 408 mentatiolis
395 358 611 402 excidisse
639 360 898 416 querebatur
928 359 977 414 ¹),
1014 359 1264 401 referebant
1313 358 1498 413 puerilis

81 436 301 479 doctrinae
327 432 618 486 incunabulas,
655 436 700 475 et
733 436 1057 489 praeceptorum
1097 430 1288 473 ordinem
1322 443 1381 473 ex
1416 431 1500 474 illa

79 506 273 551 doctrina
318 503 548 560 repetitum
596 504 883 549 continebant.
940 503 1223 556 Quamobrem
1270 514 1357 544 non
1402 502 1496 544 levi

79 579 239 620 indicio
266 576 453 628 nitimur,
482 576 758 630 suspicantes,
786 590 811 618 e
840 577 1069 631 disciplina
1107 575 1224 617 Aelii
1262 574 1345 617 illa
1381 573 1501 617 cice-

78 649 198 693 ronis
225 646 443 702 rhetorica
467 645 657 691 fluxisse.

162 719 332 761 Initium
359 718 554 761 duximus
582 721 635 763 ab
663 720 872 763 Aelianae
908 686 1165 775 disciplinae
1201 729 1497 761 commemora-

74 792 204 843 tione,
232 790 576 845 quandoquidem,
604 793 715 847 quod
744 805 772 836 a
797 791 1004 837 Schutzio
1039 791 1195 847 optime
1231 790 1497 833 demonstra·

73 866 162 905 tum
189 864 268 912 est,
294 861 535 917 praeceptis
562 863 828 907 Herenniani
864 864 1053 906 doctoris
1090 863 1339 907 ciceronem
1375 874 1496 907 usum

71 931 226 986 fnisse,
253 933 354 976 inde
391 934 608 978 illustrari
643 939 798 989 potest.
851 936 1164 988 Verumtamen,
1191 935 1344 976 valent
1369 932 1492 987 haec,

74 1017 182 1060 quae
211 1004 258 1047 in
286 1005 465 1048 exordio
492 1006 719 1061 posuimus,
748 1006 804 1049 ad
831 1005 1033 1061 discipliu
1128 1004 1256 1058 Aelii,
1295 1004 1351 1047 ad
1379 1004 1494 1047 Rhe-

67 1076 206 1118 torica
231 1076 508 1120 Herenniana
533 1090 620 1119 non
646 1076 879 1132 pertinent.
907 1077 1004 1130 ltaq
1049 1105 1070 1128 A,
1099 1079 1148 1117 ut
1174 1074 1287 1117 idem
1314 1075 1394 1117 ille
1424 1074 1494 1118 Ci-

68 1137 237 1192 ceronis
281 1153 536 1203 praeceptor
574 1149 719 1203 operis
755 1146 881 1201 hujus
919 1151 1069 1190 auctor
1105 1146 1229 1190 nobis
1265 1145 1489 1199 habeatur,

65 1210 243 1260 necesse
272 1221 351 1272 est,
378 1218 557 1273 primum
583 1220 819 1275 probemus,
846 1219 944 1261 fieri
970 1218 1175 1272 potuisse,
1197 1221 1246 1259 ut
1271 1217 1491 1259 rhetorica

67 1290 297 1343 scriberem
326 1291 491 1344 deinde,
520 1292 648 1334 etiam
677 1291 904 1346 scripsisse
934 1290 1088 1333 videri.
1144 1289 1206 1332 Ac
1233 1289 1372 1344 potuit
1399 1289 1492 1345 qui-

61 1359 156 1404 dem
192 1361 382 1404 scribere
418 1361 580 1416 AeliuS,
620 1375 727 1418 quae
765 1363 821 1405 ad
856 1351 1091 1404 oratoriam
1125 1365 1262 1403 artem
1299 1360 1491 1415 pertine-

56 1435 167 1484 rent,
219 1431 424 1487 siquidem
459 1433 506 1476 in
541 1446 646 1487 eam,
684 1437 731 1476 ut
769 1445 900 1488 supra
935 1433 1133 1486 vidimuS‚
1172 1436 1358 1475 aetatem
1397 1432 1492 1473 vita

61 1502 155 1557 ejus
183 1503 345 1557 incidit,
374 1517 457 1559 qua
483 1518 570 1547 non
597 1506 733 1548 solum
767 1505 1081 1549 Grammatiees
1125 1504 1327 1559 antiquae
1367 1504 1489 1557 fines,

59 1574 152 1628 ipso
191 1569 465 1629 potissimum*
490 1580 535 1617 et
570 1576 727 1619 Servio
766 1575 946 1619 Claudio
986 1574 1243 1627 auctoribus,
1279 1586 1487 1628 proroga-

56 1650 219 1698 rentur,
261 1658 410 1689 verum
448 1647 576 1707 etiam
610 1647 864 1691 Rhetorices
900 1647 1060 1699 studia,
1111 1659 1218 1702 quae
1255 1646 1485 1701 praecipue

56 1719 186 1757 antea
222 1716 427 1772 uniceque
462 1717 558 1758 fere
595 1730 622 1759 a
659 1717 842 1759 Graecis
878 1717 1138 1766 doctoribus,
1163 1717 1322 1757 Romae
1362 1717 1479 1757 cole-

53 1787 222 1841 bantur,
250 1801 278 1830 a
304 1789 506 1831 Romanis
541 1802 801 1844 magnopere
823 1788 987 1831 *curari
1022 1787 1279 1844 coepissent.
1333 1788 1480 1843 Neque

53 1869 160 1899 vero
197 1857 298 1899 falli
334 1870 426 1911 nos,
462 1858 819 1901 verisimillimum
865 1858 1176 1911 existimantes,
1222 1858 1477 1900 Rhetoricos

50 1930 189 1972 libros
216 1942 266 1972 re
294 1943 404 1972 vera
431 1930 484 1973 ab
523 1930 648 1973 Aelio
684 1931 950 1986 conscriptos
987 1943 1096 1984 esse,
1132 1930 1388 1982 Quintiliani
1424 1943 1475 1973 ac

53 2000 252 2043 Suetonii
279 2000 534 2044 testimoniis
564 2001 823 2043 declaratur.
854 2002 937 2042 llle
961 2001 1084 2053 enim,
1106 2001 1316 2056 expositis
1338 2000 1475 2043 Grae-

48 2072 112 2114 cis
131 2060 455 2116 Rhetoricorum
472 2073 736 2116 auctoribus:
764 2062 1106 2126 „Romanorum“,
1132 2073 1272 2129 inquit
1281 2072 1331 2127 2),
1358 2073 1471 2129 „pri-

50 2155 142 2184 mus
169 2142 389 2199 (quantum
418 2156 498 2198 ego
528 2144 694 2199 quidem
721 2142 877 2197 sciam).
900 2144 1091 2186 condidit
1125 2145 1274 2200 aliqua
1307 2145 1354 2187 in
1391 2144 1473 2187 hac

0 2254 3 2258 .
47 2214 229 2257 materia
255 2215 314 2258 Μ.
343 2213 450 2258 Cato
478 2215 557 2258 ille
587 2214 832 2269 CensoriuS,
859 2219 957 2271 post
990 2216 1050 2258 Μ.
1077 2215 1288 2273 Antonius
1326 2216 1473 2260 incho-

45 2284 149 2325 avit.
206 2287 312 2328 Nam
344 2284 426 2328 hoc
462 2287 598 2328 solum
637 2299 742 2340 opus
779 2284 884 2340 ejus,
922 2290 1049 2341 atque
1077 2287 1124 2329 id
1150 2287 1288 2342 ipsum
1315 2289 1470 2342 imper-

42 2352 209 2408 fectum,
237 2361 391 2400 manet.
420 2357 569 2401 Secuti
595 2356 733 2399 minus
760 2357 973 2409 celebreS,
1011 2356 1186 2412 quorum
1212 2358 1470 2412 memoriam,

42 2426 81 2467 si
110 2438 190 2480 quo
230 2429 325 2469 loco
365 2442 438 2470 res
476 2433 636 2483 poscet,
674 2441 761 2470 non
784 2428 997 2470 omittam.
1054 2430 1332 2483 Praecipuum
1358 2443 1467 2471 vero

37 2497 180 2540 lumen
208 2497 318 2540 sicut
345 2500 628 2556 eloquentiae,
655 2498 720 2542 ita
746 2485 988 2554 praeceptis
1028 2512 1192 2555 quoque
1222 2499 1315 2555 ejus
1344 2500 1464 2544 dedit

65 2599 527 2712 gfflbzlffuilnt.
543 2601 638 2644 lust.
669 2602 738 2644 Or.
767 2601 814 2643 ll·
846 2603 920 2649 15.,
949 2601 1015 2643 111.
1047 2602 1081 2643 l.
1110 2604 1218 2644 6125.

180 2670 230 2698 S.
298 2670 326 2698 r.
410 2688 419 2699 .
478 2690 488 2700 .
