1961 3338
700 239 1031 288 ..50-

160 362 349 414 tempore
378 359 604 411 comptae
633 361 759 399 erant
797 362 843 400 et
879 358 1036 401 alienis
1076 356 1275 400 sordibus
1310 358 1582 413 inquinatae;

161 428 242 473 has
271 430 418 472 eluere
457 427 619 469 studuit
644 427 806 482 Aelius,
841 429 970 472 tritas
1009 441 1137 472 aures
1179 428 1235 471 ad
1271 427 1583 483 dijudicandum

161 500 357 552 afferens,
386 509 623 552 summeque
651 498 698 540 in
727 498 985 541 emendando
1005 502 1167 542 cautus.
1195 500 1341 554 Neque
1362 511 1469 540 vero
1489 511 1582 540 cor-

159 572 333 625 ruptela
360 569 496 610 solum
524 569 784 612 deformatae
811 571 985 613 fabulae
1013 572 1132 624 illae,
1161 582 1311 613 verum
1338 582 1441 623 pars
1468 570 1583 624 ipsa„

159 655 253 684 rum
279 642 409 694 longe
436 641 623 683 maxima
651 642 923 696 supposititia
949 647 1057 685 erat.
1093 643 1174 685 Hic
1201 642 1486 697 gravissimus
1515 653 1583 683 er-

160 724 236 752 ror
273 711 373 753 inde
415 711 624 765 originem
662 717 846 767 ceperat,
876 713 987 767 quod
1019 717 1196 767 praeter
1231 705 1433 755 'Plautum
1470 712 1583 754 alius

161 782 469 837 comoediarum
495 786 623 836 poeta
651 783 857 835 Plautius,
892 783 1015 824 illius
1051 784 1218 837 quidem
1252 796 1339 825 non
1376 783 1583 837 aequalis,

160 852 237 894 sed
273 850 417 906 aliquo
452 855 642 906 tempore
680 852 906 906 posterior,
941 851 1158 895 floruerat.
1213 852 1343 907 Cujus
1384 853 1582 909 quoniam

158 924 332 964 fabulae
393 924 537 964 Plauti
580 924 812 976 inscriptae
865 927 1022 975 essent,
1072 929 1269 977 acceptas
1315 937 1411 966 esse
1458 925 1583 979 quasi

160 994 395 1046 Plautinas,
433 1007 524 1035 cum
559 1006 713 1049 reapse
750 1007 837 1036 non
884 1007 911 1035 a
949 996 1102 1035 Plauto
1147 995 1386 1046 Plautinae,
1432 996 1508 1036 sed
1554 1007 1582 1036 a

160 1066 332 1107 Plautio
362 1066 615 1107 Plautianae
645 1066 730 1107 dici
758 1064 1017 1106 debuissent.
1075 1066 1164 1106 Has
1192 1065 1327 1118 igitur
1355 1066 1582 1119 suppositi-

160 1136 257 1189 tias,
286 1148 390 1190 quas
419 1135 613 1178 Plautius
641 1135 813 1177 videtur
839 1135 1076 1177 imitatione
1114 1135 1258 1177 Plauti
1286 1136 1583 1190 composuisse,

159 1207 309 1248 Aelius
338 1219 365 1248 a
392 1207 590 1261 genuinis
620 1207 765 1248 Plauti
802 1207 964 1249 fabulis
1001 1208 1151 1248 sedulo
1193 1209 1394 1260 secrevit,
1430 1209 1584 1262 proba-

158 1279 306 1333 vitque
334 1292 358 1319 e
387 1283 554 1319 centum
582 1281 627 1319 et
654 1278 839 1331 triginta
868 1278 1045 1319 circiter
1074 1279 1315 1331 comoediis,
1344 1292 1453 1333 quac
1482 1292 1583 1333 poe—

160 1353 232 1393 tae
270 1349 439 1392 nomine
466 1350 699 1403 ferrentur,
728 1349 910 1405 quinque
940 1352 984 1391 et
1011 1349 1170 1405 viginti
1207 1350 1324 1392 solas
1354 1348 1445 1404 ejus
1476 1362 1585 1392 esse.

162 1424 255 1473 Qua
282 1423 334 1463 de
363 1435 412 1463 re
441 1423 561 1463 illius
588 1423 787 1462 feruntur
823 1419 1002 1463 Indices
1036 1433 1174 1476 saper
1208 1421 1363 1464 Plauti
1397 1420 1584 1474 fabulis,

162 1506 276 1550 quae
311 1494 518 1537 dicantar
556 1491 783 1548 ambiyaae
814 1490 863 1546 ¹).
921 1493 1222 1544 Quaestionem
1272 1497 1423 1547 autem,
1460 1506 1585 1548 quam

160 1566 240 1608 hoc
268 1579 395 1621 opere
424 1565 572 1607 Aelius
601 1565 868 1619 disceptavit,
895 1569 1047 1619 postea
1073 1566 1214 1608 Varro
1252 1566 1378 1608 libris
1417 1566 1584 1608 Plauti-

159 1650 309 1679 narum
347 1635 647 1688 Quaestionum
686 1639 730 1677 et
758 1635 971 1690 singulari
1009 1636 1061 1677 de
1091 1634 1331 1679 Comoediis
1367 1636 1584 1679 Plautinis

166 1710 280 1752 libro
308 1712 558 1763 persecutus
587 1711 665 1749 est.

244 1781 340 1823 Non
375 1779 543 1822 dubium
581 1782 648 1821 est
683 1791 825 1833 porro,
865 1779 966 1834 quin
1002 1793 1027 1822 e
1066 1778 1363 1835 philosophiae
1408 1780 1583 1825 Stoicae

164 1853 303 1896 studio
339 1853 556 1906 profectus
594 1852 652 1893 sit
686 1852 801 1893 Aelii
839 1850 1190 1895 Commentarius
1225 1853 1279 1895 de
1319 1851 1586 1911 proloquiis,

165 1922 285 1979 cujus
304 1923 546 1965 memoriam
567 1921 739 1964 Gellius
754 1922 879 1964 nobis
897 1921 1105 1963 servavit.
1133 1922 1279 1964 Verba
1302 1921 1393 1976 ejus
1413 1928 1512 1965 sunt
1526 1923 1587 1977 2)ε

165 1997 325 2048 „Quum
353 1995 399 2036 in
427 1994 678 2048 disciplinas
707 1992 957 2034 dialecticas
985 1992 1135 2033 induci
1167 1996 1293 2047 atque
1330 1994 1460 2035 imbui
1490 1996 1585 2036 vel-

165 2067 313 2120 lemus,
340 2077 560 2108 necessum
587 2064 670 2106 fuit
698 2064 818 2106 adire
848 2067 974 2117 atque
1004 2075 1274 2117 cognoscere,
1292 2076 1397 2118 quas
1425 2070 1586 2108 vocant

215 2207 247 2261 ²)
277 2201 433 2301 gielltiltlis
461 2206 537 2271 ¹¹¹:
566 2203 605 2246 3.
632 2202 766 2298 Hust
794 2205 928 2299 atetate
956 2203 1115 2299 Indices
1142 2203 1199 2244 illi
1229 2206 1507 2247 auctoritatem
1520 2208 1591 2274 ‘vi-

308 2275 357 2301 en
403 2274 422 2299 r
462 2273 660 2301 am1S1sse.
757 2273 805 2299 1c1
862 2273 988 2299 emm:
1082 2273 1193 2299 eram
1229 2274 1317 2300 esse
1345 2274 1434 2301 com
1467 2276 1527 2302 ert
1554 2277 1589 2311 r,

274 2316 389 2369 qaod
414 2315 612 2370 quosdam
641 2314 738 2355 bene
766 2314 947 2355 literatos
974 2313 1155 2354 homines
1183 2315 1324 2356 dicere
1352 2276 1505 2365 aaziae,
1520 2277 1593 2372 gui

270 2370 493 2425 plerasque
519 2370 662 2410 Plauti
688 2371 919 2410 comoedias
946 2371 1104 2410 curiose
1132 2375 1254 2424 atque
1289 2377 1475 2413 contente
1514 2373 1591 2413 lec-

279 2426 458 2472 titarunt,
488 2439 570 2466 non
597 2425 805 2466 Indicibus
831 2423 948 2472 Aelii,
976 2438 1051 2465 nec
1077 2425 1263 2478 Sediqiti,
1302 2439 1379 2467 nee
1416 2427 1591 2476 Claudii,

279 2493 355 2520 nec
382 2480 549 2528 Aurelii,
577 2494 653 2521 nee
679 2480 808 2527 Accii,
842 2494 918 2521 nec
956 2479 1130 2527 Manilii,
1166 2494 1292 2534 super
1327 2481 1391 2523 lais
1425 2483 1592 2536 fabalis,

279 2549 384 2589 qaae
426 2536 618 2577 dicuntur
655 2535 878 2589 ambiyuae,
915 2536 1156 2581 credituros,
1195 2537 1273 2578 sed
1313 2538 1398 2593 ipsi
1439 2538 1591 2580 Plauto

218 2648 235 2672 2
278 2588 534 2689 {¹33⁶qu
561 2592 714 2645 ingenii
741 2595 863 2646 atque
889 2591 1053 2645 linquae
1079 2592 1192 2647 ejas(
