1961 3338
893 278 1227 335 4-οᾲ-

1027 401 1103 444 111.

698 485 1051 532 Commentarius
1077 486 1133 529 de
1158 484 1431 543 Proloquiis.

878 566 1050 609 Gellius
1079 567 1194 608 xvl.
1220 569 1262 609 8.

1028 794 1098 838 IV.

377 881 556 926 Indices
583 894 721 939 super
746 880 901 927 Plauti
925 879 1110 937 fabulis,
1138 893 1252 938 quae
1277 881 1486 927 dicuntur
1513 881 1749 939 aunbiyuae.

892 956 1064 998 Gellius
1093 956 1168 997 111.
1196 958 1236 997 3.

896 1055 941 1082 -Ι
1187 1055 1214 1081 ἢ

1052 1084 1079 1110 G

591 1301 593 1303 ’
636 1284 995 1330 FRAGMENTA
1023 1287 1310 1331 INOERTAE
1338 1285 1516 1332 smus.

1045 1388 1065 1432 1

359 1474 566 1522 VARRO
592 1476 646 1519 de
672 1474 729 1519 L.
757 1474 814 1519 L.
848 1474 901 1521 V.
933 1481 997 1519 18.
1025 1475 1159 1521 Mon.
1451 1524 1462 1533 ‚

438 1545 698 1592 GAELUM
725 1548 889 1593 dictum
916 1548 1077 1593 scribit
1104 1548 1281 1602 Aelius,
1308 1548 1426 1605 quod
1451 1552 1520 1593 est
1547 1546 1780 1601 caelatum,

353 1623 448 1671 aut,
474 1622 709 1662 contrario
738 1622 928 1672 nomine,
957 1619 1164 1673 celatum,
1194 1620 1311 1677 quod
1336 1624 1536 1677 apertum
1564 1623 1643 1664 est.

459 1692 542 1736 nic
568 1692 729 1747 primus
758 1693 869 1747 apud
895 1694 1133 1736 Varronem
1159 1695 1292 1746 locus,
1320 1694 1394 1736 ubi
1421 1706 1646 1750 perperam
1674 1706 1779 1734 non-

457 1763 571 1806 nulli
600 1763 719 1805 codd.
760 1759 938 1807 Aelium
967 1762 1144 1808 Gallum
1181 1760 1353 1808 habent.
1409 1765 1473 1807 De
1512 1777 1592 1820 quo
1631 1776 1780 1807 errore
1844 1770 1861 1788 ’

460 1836 515 1878 cf.
543 1834 748 1889 Spengel.
778 1837 923 1878 Praef.
952 1837 1067 1878 Edit.
1094 1852 1134 1891 p.
1163 1840 1230 1879 51.
1258 1838 1435 1879 Muller.
1457 1837 1512 1879 ad
1535 1836 1577 1879 h.
1606 1838 1636 1878 1.
1660 1839 1779 1878 recte

465 1907 681 1961 consentit
708 1920 801 1950 cum
830 1907 1078 1964 SpengeHo,
1105 1909 1270 1952 Aelimn
1297 1908 1508 1953 Stilonem
1545 1908 1776 1965 rogitante.

463 1979 698 2024 Heimbach
749 1984 893 2022 tamen
937 1981 1053 2023 Aelii
1103 1982 1225 2023 Galli
1269 1982 1525 2036 fragmentis
1568 1980 1779 2023 Varronis

466 2052 605 2096 verba
643 2051 887 2095 vindicavit
913 2067 953 2108 p.
980 2057 1036 2107 9.,
1075 2057 1120 2096 et
1158 2067 1265 2110 quae
1304 2053 1498 2109 proxime
1548 2056 1781 2108 sequuntur

462 2126 575 2180 apud
600 2126 857 2167 Varronem:
886 2123 990 2167 Non
1017 2124 1147 2176 male,
1184 2124 1301 2180 quod
1332 2126 1560 2179 posterior
1598 2120 1772 2174 Aelius,

461 2194 600 2238 multo
627 2197 781 2250 potius
809 2193 991 2237 caelare
1018 2206 1047 2236 α
1075 2193 1220 2246 caelo,
1249 2205 1379 2250 quam
1418 2192 1592 2236 caelum
1619 2204 1649 2235 a
1677 2205 1778 2236 cae-

461 2266 612 2317 lando,
640 2267 757 2308 Aelii
785 2266 970 2309 Stilonis
1000 2280 1095 2308 esse
1125 2266 1361 2308 arbitratus
1399 2269 1478 2307 est.
1505 2279 1545 2319 p.
1573 2269 1641 2307 40.
1697 2267 1781 2307 Ve-

459 2351 565 2391 rum,
596 2337 679 2379 etsi
707 2337 863 2380 misere
886 2338 1148 2393 depravatus
1176 2351 1229 2381 ac
1255 2338 1350 2380 fere
1380 2337 1632 2392 desperatus
1659 2338 1780 2380 locus

463 2411 533 2462 sit,
561 2414 704 2451 tamen
732 2410 816 2451 illa
844 2409 1005 2463 duplex
1022 2410 1138 2451 Aelii
1165 2410 1323 2451 mentio
1350 2420 1554 2463 perquam
1583 2413 1781 2464 suspecta

462 2484 542 2533 est,
568 2479 826 2535 faciliusque
855 2479 901 2522 in
929 2479 1110 2521 Mulleri
1140 2479 1327 2522 lectione
1350 2479 1667 2534 acquiescimus.
1685 2480 1779 2522 Vid.

459 2552 621 2606 Scalig.
649 2550 754 2606 App.
784 2552 839 2593 ad
868 2549 1058 2605 conject.
1094 2551 1141 2593 in
1176 2552 1207 2593 l.
1246 2552 1317 2592 lv.
1351 2564 1392 2605 p.
1431 2554 1524 2606 177.
1580 2550 1780 2594 Ceterum

460 2623 673 2665 notandus
703 2621 872 2664 Plinius
901 2622 1012 2664 nist.
1049 2621 1145 2663 Nat.
1187 2622 1241 2663 11.
1275 2623 1327 2673 5.,
1364 2621 1437 2675 qui
1475 2622 1662 2665 Varroni
1701 2622 1779 2664 tri-

462 2693 566 2746 buit,
597 2694 710 2749 quod.
734 2695 875 2736 Varro
904 2693 944 2736 h.
974 2694 1003 2736 l.
1032 2692 1157 2736 Aelio
1186 2693 1403 2739 adscribit.
1756 2679 1765 2692 ’
