1961 3338
1015 281 1349 343 4-oe-

579 412 855 454 referendum
892 415 1077 455 videtur.
1134 415 1242 455 Nam
1285 425 1378 455 cum
1419 412 1588 457 Cloatio
1624 413 1739 470 Vero
1786 411 1898 468 apud

580 483 757 528 Festum
785 484 986 540 conjungi
1023 486 1137 527 solet
1175 473 1325 527 Aelius
1360 486 1487 538 Stilo,
1525 490 1572 526 ut
1608 498 1737 539 saepe
1772 484 1897 527 nobis

580 557 733 609 patuit.
778 557 842 599 Cf.
870 556 986 599 Scal.
1016 556 1072 597 ad
1099 555 1143 597 h.
1171 556 1203 597 l.

1112 628 1248 670 XVII.
1397 684 1400 687 Ι

467 694 750 741 SGAURUS
776 698 830 741 de
859 697 1039 754 Orthoy.
1068 710 1114 755 p.
1144 701 1265 741 2255.
1294 695 1479 742 Putsch.

551 770 735 812 Primum
763 770 899 824 igitur
926 784 1006 825 per
1043 757 1432 824 adjectionem'illa
1467 772 1669 812 videntur
1705 782 1800 811 esse
1830 770 1897 812 vi-

467 841 592 893 tiosa,
622 841 732 896 quod
760 840 914 884 Accius
943 842 1173 897 geminatis
1203 842 1426 884 vocalibus
1456 844 1588 885 scribi
1615 847 1772 885 natura
1796 844 1909 883 ·lon-'

465 925 545 966 gas
574 913 770 963 syllabas
800 900 949 966 voluit,
967 927 1059 955 cum
1088 915 1249 969 alioqui
1269 912 1436 967 adjecto
1459 915 1535 955 vel
1564 914 1732 956 sublato
1762 913 1895 968 apice,

465 983 751 1038 longitudinis
791 989 835 1027 et
868 986 1099 1028 brevitatis
1138 991 1242 1028 nota
1284 990 1431 1040 posset
1469 987 1650 1027 ostendi.
1678 1009 1732 1015 —
1762 987 1896 1036 Quam

466 1056 800 1098 inconstantiam
826 1058 967 1099 Varro
997 1048 1197 1112 arguens,
1225 1058 1271 1100 in
1300 1058 1478 1099 eundem
1506 1064 1698 1099 errorem
1718 1057 1896 1099 diversa

465 1127 542 1169 via
569 1127 800 1183 delabitur.

575 1199 782 1241 Barthius
809 1200 992 1243 Advers.
1011 1203 1166 1243 XXIV.
1183 1204 1223 1243 5.
1239 1216 1278 1255 p.
1308 1205 1419 1251 1289
1446 1201 1568 1243 dicit:
1597 1200 1769 1253 „Aelius
1798 1199 1893 1241 sive

578 1270 704 1324 Stilo,
734 1272 830 1313 sive
859 1272 996 1326 Stolo,
1024 1274 1084 1314 M.
1114 1262 1332 1315 ‘Varronis
1367 1277 1622 1328 praeceptor
1657 1271 1894 1324 literatius,

576 1342 629 1383 ab
660 1355 710 1383 eo
739 1342 833 1396 ipso
863 1343 1074 1398 discipulo
1103 1357 1192 1397 suo,
1222 1357 1302 1400 quo
1332 1345 1565 1386 doctiorem
1602 1355 1676 1385 res
1704 1344 1894 1385 Romana

572 1413 725 1456 habuit
750 1415 973 1467 neminem,
1008 1416 1139 1458 rebus
1179 1416 1375 1470 plurimis
1411 1420 1575 1457 tantum
1614 1427 1700 1456 non
1737 1415 1892 1458 acerbe

575 1475 806 1539 sugillatus
843 1484 1178 1540 deprehenditur
1214 1486 1260 1528 in
1297 1486 1572 1541 Etymologia
1615 1499 1701 1527 non
1737 1498 1893 1539 pauco-

573 1568 668 1597 rum
698 1556 937 1597 verborum.
969 1557 1110 1606 Quare
1132 1568 1224 1597 cum
1244 1556 1433 1598 Scaurus
1460 1555 1504 1596 in
1534 1555 1608 1597 lib.
1638 1555 1690 1596 de
1713 1553 1890 1608 Orthog.

574 1627 766 1668 nominet
792 1626 976 1679 Accium,
1006 1627 1079 1681 qui
1107 1627 1298 1669 voluerit
1335 1627 1530 1678 syllabas
1559 1627 1720 1668 duabus
1748 1627 1892 1668 literis

577 1698 722 1750 scribi,
752 1711 859 1752 quae
887 1702 1045 1739 natura
1073 1698 1160 1739 sint
1200 1699 1371 1753 longae,
1408 1703 1452 1740 et
1488 1711 1538 1740 eo
1573 1698 1741 1740 nomine
1778 1710 1805 1740 a
1832 1698 1892 1740 M.

573 1771 770 1814 Varrone
801 1771 858 1813 sit
884 1770 1184 1826 reprehensus,
1205 1785 1290 1813 non
1319 1772 1491 1813 videtur
1519 1772 1630 1813 male
1660 1783 1718 1812 ex
1747 1770 1891 1812 veteri

579 1844 766 1885 editione
797 1843 960 1897 corrigi
987 1856 1126 1898 posse,
1154 1839 1350 1885 Aeliusf‘
1368 1866 1421 1872 —
1438 1844 1570 1885 Recte
1599 1843 1690 1885 ille.
1719 1842 1795 1885 eff.
1816 1843 1890 1884 Fr.

576 1915 654 1956 111.
684 1915 755 1957 lV.
783 1914 974 1956 incertae
1006 1915 1132 1956 sedis.
1177 1915 1316 1956 Miror
1346 1927 1463 1965 vero,
1492 1914 1714 1956 Barthium
1749 1915 1890 1956 incer-

575 1990 664 2027 tum
691 1985 900 2038 haesisse,
928 1984 1140 2028 Stilonem
1169 1998 1225 2028 an
1252 1985 1481 2029 Stolonem
1508 1986 1675 2027 Aelium
1702 1986 1891 2027 nomina·
1948 2003 1953 2009 ¹

572 2061 654 2109 ret,
684 2070 807 2111 quum
837 2058 1005 2098 omnino
1035 2071 1122 2098 non
1151 2057 1320 2098 dubium
1349 2057 1419 2098 sit.
1476 2057 1596 2108 Quod
1636 2069 1742 2099 vero
1772 2056 1892 2099 addit

575 2128 628 2170 de
649 2128 774 2177 Aelio
796 2133 1047 2172 tantumnon
1074 2130 1228 2173 acerbe
1259 2143 1286 2172 a
1312 2131 1509 2172 Varrone
1539 2129 1758 2183 sugillato,
1782 2142 1891 2171 com-

572 2201 810 2243 mentitium
839 2206 918 2244 est.
946 2202 1042 2244 Vid.
1071 2215 1161 2257 sup.
1189 2216 1230 2256 p.
1258 2205 1326 2244 50.
1354 2204 1422 2244 51.

1097 2276 1253 2316 xvlu.

466 2340 673 2389 VARRO
700 2343 754 2387 de
780 2342 903 2400 θήῃ.
931 2342 987 2387 L.
1017 2343 1074 2388 L.
1103 2343 1142 2388 Ι.
1172 2358 1246 2401 ap.
1274 2344 1424 2389 Prisc.
1452 2357 1496 2400 p.
1521 2348 1616 2388 556.
1639 2342 1823 2388 Putsch.

543 2418 599 2459 Ut
625 2419 707 2459 Jon
738 2418 901 2470 scribit,
931 2418 1079 2473 quinta
1109 2418 1314 2468 vicesima
1343 2423 1410 2460 est
1439 2419 1572 2460 litera
1611 2431 1733 2472 quam
1762 2429 1890 2473 ayma

458 2494 629 2542 vocant,
659 2489 778 2543 cujus
806 2491 946 2531 forma
973 2491 1097 2532 nulla
1126 2494 1170 2531 et
1198 2503 1288 2532 vox
1325 2490 1552 2532 communis
1598 2495 1665 2532 est
1705 2490 1887 2532 Graecis

461 2561 717 2613 etLatiniS,
746 2565 794 2603 ut
820 2561 890 2603 his
920 2561 1093 2603 verbis:
1123 2560 1324 2615 ayyulus,
1365 2574 1543 2616 ayqens,
1579 2560 1789 2616 ayyuilla,
1825 2563 1888 2615 2'9-

453 2637 626 2688 9erunt.
656 2635 707 2676 ln
734 2633 1025 2688 hujuscemodi
1055 2634 1216 2677 Graeci
1247 2638 1292 2675 et
1321 2630 1493 2678 Accius
1522 2637 1679 2677 noster
1705 2633 1808 2678 bina
1829 2644 1888 2691 99

457 2705 672 2750 amount.
