1961 3338
645 302 710 318 ...-
774 273 844 331 λθ
909 303 974 318 .-

98 402 283 446 stantior
309 397 650 443 efflorescebant.
678 399 768 442 Nec
777 396 866 454 ,iam
881 399 1058 453 Ennius,
1070 397 1295 451 Pacuvius,
1304 397 1519 442 Caecilius

97 476 244 528 solam,
259 472 305 516 in
333 481 416 525 qua
434 468 710 512 Grammatici
731 471 1018 525 elaborarent,
1033 470 1256 513 materiam
1274 470 1516 524 suppedita-

97 547 212 599 bant,
232 542 308 587 sed
326 540 609 600 antiquissimi
632 542 731 585 aevi
750 547 1027 598 monumenta,
1046 554 1154 600 quae
1173 542 1409 584 vernaculo
1427 553 1519 583 ser-

95 628 218 660 mone
247 614 420 668 scripta,
452 613 650 656 diutia-no
677 615 763 657 situ
786 615 1103 669 obsoleverant,
1136 614 1326 658 adhibito
1356 613 1518 668 judicio

96 683 444 742 explorabantur.
472 685 523 727 In
549 684 618 727 his
645 687 858 733 Pontifieii
876 687 992 741 libri,
1013 687 1147 740 Fasti,
1164 687 1237 742 qui
1264 686 1445 729 foedera
1472 688 1518 728 et

94 758 314 814 pactiones
328 756 527 811 antiquas
547 758 831 810 continebant,
852 763 1043 800 vetertun
1060 759 1266 813 imprimis
1282 760 1427 812 leginn
1446 770 1516 798 co-

95 830 224 871 dices.
252 827 363 870 nine
391 829 578 883 cognitio
606 829 1125 886 universaeantiquitatis
1149 830 1347 883 invaluit,
1365 829 1516 884 paula-

71 901 250 955 .timque
277 899 490 942 hominum
517 901 669 944 studiis
698 914 755 944 ex
777 903 884 957 ipsis
905 902 1094 945 fontibus
1111 903 1297 956 antiquis
1322 903 1514 956 singula-

93 983 186 1015 rum
213 983 357 1015 rerum
385 974 511 1029 atque
535 973 825 1017 institutorum
844 974 1000 1017 notitia
1022 975 1262 1018 cruebatur.
1285 975 1336 1017 In
1362 973 1513 1029 primis

93 1048 233 1087 autem
260 1043 536 1087 Grammatici
562 1046 616 1088 de
643 1047 726 1088 fule
756 1050 801 1088 et
822 1046 1078 1088 auctoritate
1101 1050 1318 1088 auctorum
1343 1050 1389 1088 et
1416 1057 1511 1088 car-

92 1116 248 1159 mimnn
285 1117 603 1173 disquisitiones
656 1118 946 1172 instituerunt,
999 1131 1051 1160 ac
1094 1117 1292 1160 censoria
1337 1118 1517 1173 quadam

94 1189 272 1243 virgula
299 1201 453 1231 versus
479 1193 704 1242 notarunt,
734 1191 965 1245 librosque,
1002 1191 1091 1245 qui>
1110 1191 1224 1232 falso
1260 1190 1515 1231 viderentur

93 1260 304 1317 inscripti,
331 1264 531 1318 tanquam
560 1262 804 1306 subdititios
832 1262 1135 1306 submoverunt
1169 1261 1360 1304 familiis.
1422 1262 1514 1312 Quo

92 1343 266 1375 munere
289 1333 457 1387 judices
481 1337 703 1387 poetarum
737 1334 897 1375 fiebant
934 1334 1221 1385 Grammatici,
1261 1334 1515 1375 studiorum-

93 1418 173 1460 que
203 1416 372 1447 suorum
397 1406 562 1446 fructus
599 1404 833 1459 diligenter
867 1405 1095 1447 memoriae
1130 1404 1381 1459 prodebant.
1437 1404 1515 1448 Sic

94 1476 260 1532 quidem
288 1476 452 1519 Critica
480 1478 635 1518 exorta
663 1478 774 1532 apud
800 1463 1024 1530 Romanos,
1052 1478 1204 1519 variae
1232 1481 1392 1531 partes,
1421 1477 1514 1531 qui-

92 1549 172 1592 bus
209 1549 519 1591 Grammaticae
560 1549 740 1591 studium
787 1550 1022 1603 constabat,
1059 1549 1106 1591 in
1150 1549 1366 1625 propriam
1402 1549 1514 1591 artis

92 1621 270 1664 formam
296 1616 498 1663 redactae
528 1619 858 1677 conjunctaeque
887 1624 998 1663 sunt.

174 1693 253 1735 His
307 1693 505 1734 laudibus
542 1691 719 1746 primum
756 1693 1053 1734 inclaruerunt
1090 1692 1223 1744 ambo,
1263 1692 1315 1733 de
1362 1692 1515 1746 quibus

92 1765 236 1808 dicere
264 1764 535 1818 instituimuS,
574 1763 860 1823 Grammatici.
917 1763 1117 1808 Servium
1157 1762 1379 1807 Claudium
1415 1764 1515 1806 bre-

90 1837 265 1878 vissime
296 1836 460 1888 Cicero,
498 1836 574 1877 sed
611 1837 892 1877 disertissime
932 1836 1283 1878 literatissimum
1321 1838 1516 1889 appella-

91 1908 157 1951 vit
187 1906 235 1962 ²)'.
263 1909 357 1959 Qua
384 1907 550 1963 quidem
578 1920 684 1950 voce
713 1907 854 1951 omnia
881 1907 1303 1964 comprehenduntur,
1330 1920 1437 1963 quae
1468 1907 1516 1950 in

89 1979 329 2034 praestanti
349 1978 509 2030 Critico
539 1983 583 2020 et
605 1980 888 2020 Grammatico
916 1981 1203 2033 requiruntur.
1231 1982 1294 2020 De
1323 1980 1373 2020 L.
1393 1979 1519 2021 Aelio

89 2064 196 2095 vero
214 2051 408 2095 crebrior
426 2051 584 2094 mentio
605 2051 666 2105 fit,
687 2050 858 2106 ejusque
876 2064 949 2094 res
968 2064 991 2094 e
1013 2049 1311 2107 diScipulorum
1329 2049 1514 2093 maxime

87 2124 344 2165 testimoniis
382 2126 646 2176 repetuntur.
702 2122 764 2163 Ac
799 2114 939 2164 Varro
975 2124 1152 2177 quidem,
1191 2123 1262 2177 qui
1300 2123 1510 2165 Cicerone

89 2196 246 2249 senior,
274 2196 395 2251 prior
430 2195 552 2237 Aelio
588 2194 795 2249 magistro
834 2198 901 2237 est
937 2208 1050 2248 usus,
1086 2194 1228 2237 ubivis
1267 2207 1360 2236 eum
1396 2195 1512 2237 cele-

88 2268 187 2310 brat
212 2267 365 2322 pieque
395 2266 510 2308 colit.
565 2267 671 2308 Nam
711 2266 766 2308 ad
808 2266 1057 2309 Ciceronem
1097 2268 1148 2308 de
1185 2267 1338 2321 lingua
1372 2267 1514 2309 latina

87 2338 371 2391 perscribens,
400 2338 505 2379 dicit
533 2337 585 2379 de
616 2350 666 2379 eo
695 2336 757 2390 2):
794 2334 952 2381 Aelius
988 2341 1157 2389 noster,
1194 2337 1341 2380 literis
1378 2350 1512 2380 orna-

87 2411 288 2452 tissimus
295 2424 310 2459 ,·
340 2411 531 2464 appellat
560 2422 653 2451 eum
680 2408 894 2453 hominem
920 2411 968 2452 in
992 2411 1137 2464 primo
1165 2411 1212 2452 in
1241 2407 1389 2452 literis
1416 2407 1510 2452 La-

88 2482 196 2524 tinis
224 2483 517 2524 exercitatum
542 2480 590 2535 ³).
621 2483 671 2524 ln
699 2482 928 2526 Ciceronis
949 2485 1088 2524 autem
1103 2474 1369 2524 Academicis
1397 2481 1509 2524 idem

79 2560 170 2678 ἶ)
200 2594 331 2662 Epist.
359 2595 411 2635 ad
438 2595 528 2639 niv.
556 2596 629 2641 lx.
663 2598 724 2641 16.

134 2653 169 2761 33
197 2650 353 2748 ἓῖῗίιιξ
384 2650 419 2744 1.>
447 2651 509 2696 18.
