1961 3338
630 212 696 224 .-
752 189 865 242 ,ω
932 213 994 221 .-

106 309 530 373 qmnfflestuderet
554 308 787 351 conciliare
818 307 880 362 ί).
903 310 1058 364 ltaque·
1081 307 1318 362 scripturus
1346 309 1399 351 de
1427 308 1525 350 rhe-

111 388 264 440 torica,
291 387 453 427 omnem
480 377 664 425 debebat
690 380 745 424 de
780 380 907 425 illius
939 379 1050 424 artis
1070 378 1280 422 utilitate
1315 392 1367 423 ac
1400 392 1524 436 prae-

111 457 274 502 stantia
299 452 606 497 dubitationem
632 454 804 507 tollere,
831 457 880 496 ut
907 466 961 496 ea
995 453 1167 509 penitus
1201 453 1371 495 sublata
1404 465 1527 506 prae-

107 530 350 585 ceptionem¹
370 512 633 579 institueret,
663 538 792 581 quam-
825 538 849 568 e
883 524 1203 570 Socraticorum
1232 522 1282 577 ²),
1316 522 1527 566 Aristote-

106 600 165 641 lis
187 597 237 652 ⁸),
265 596 556 649 Hermagorae
584 600 902 651 ceterorumque
928 593 1199 648 ⁶)1ontibus,
1226 593 1528 636 commentatus

105 673 234 714 esset.
290 666 369 710 ms
407 669 549 710 tamen
586 667 772 723 scriptis,
809 677 932 724 quam
969 666 1153 710 maxime
1194 666 1344 720 variis,
1358 666 1444 710 „ita
1470 667 1527 709 ad

108 738 398 796 componenda
424 738 658 782 Rhetorica
686 753 764 783 sua
790 752 893 782 usus
930 744 1038 793 erat,
1072 744 1121 781 ut
1162 739 1320 797 aliquo
1340 739 1436 781 loco
1476 751 1529 781 ac

106 808 313 865 momento
352 809 576 853 Aelianam
611 810 923 853 institutionem
967 809 1159 863 haberet,
1195 813 1322 865 atque
1364 823 1423 852 ex
1462 822 1528 863 ea,

106 879 310 938 quidquid
337 880 548 922 commode
577 880 934 935 gravioribusque
963 880 1073 923 artis
1108 881 1389 936 scriptoribus
1426 894 1525 922 con-

103 947 211 1008 gkrue
239 953 517 1007 explanatum
545 956 673 1005 esset,
699 939 977 1004 mutuaretur,
1007 952 1206 1006 inprimis
1238 953 1529 1007 exemplorum

107 1024 281 1078 copiam,
318 1023 469 1079 quibus
505 1023 585 1065 ille
622 1022 686 1065 uti
715 1027 985 1076 consuesset,
1021 1022 1246 1065 maximnm
1279 1029 1445 1077 partem
1479 1024 1527 1074 in

106 1094 267 1150 scripta
295 1106 376 1137 sua
399 1094 676 1136 transferret.
724 1094 1015 1144 Veruntamen
1042 1093 1156 1135 omni
1182 1093 1228 1136 in
1255 1106 1305 1135 re
1333 1095 1531 1137 servavit

104 1166 189 1210 sibi
237 1165 430 1221 eligendi
478 1161 745 1220 potestatem,
781 1165 943 1208 nemini
985 1169 1147 1208 temere
1193 1166 1445 1219 assentiens,
1490 1167 1529 1208 si

103 1239 205 1295 quid
232 1239 324 1293 ipse
355 1238 438 1281 sibi
465 1239 627 1281 rectius
655 1238 878 1281 videretur
906 1238 1192 1293 expositurus.

186 1311 305 1353 Haec
333 1323 457 1366 quum
485 1310 639 1353 edendi
655 1311 849 1353 consilio
877 1323 905 1352 a
941 1309 1151 1353 Cicerone
1188 1309 1338 1361 Quinti
1373 1310 1528 1353 fratris

105 1382 252 1437 gratia
287 1383 559 1435 pararentur,
597 1379 831 1435 contigisse
878 1380 1084 1435 suspicor,
1120 1383 1169 1422 ut
1204 1380 1367 1433 Aelius,
1405 1393 1529 1436 quem

102 1454 270 1497 latebat
297 1452 435 1495 adhuc
462 1452 664 1507 discipuli
689 1451 964 1509 propositum,
992 1452 1159 1495 crebris
1195 1440 1406 1495 Herennii
1433 1466 1530 1508 pre-

103 1525 222 1566 cibus
250 1528 378 1579 atque
406 1521 780 1565 exhortationibus
805 1521 1024 1576 impulsus,
1051 1522 1098 1564 in
1137 1523 1318 1566 animum
1358 1524 1532 1567 induce-

105 1600 187 1649 ret,
222 1594 479 1638 intermissis
514 1594 735 1649 paulisper
780 1593 1077 1650 philosophiae
1123 1596 1290 1649 stmfiis,
1334 1596 1387 1639 de
1434 1600 1530 1639 arte

110 1666 331 1710 rhetorica
357 1666 641 1723 perscribere.
680 1668 814 1718 Quam
841 1666 895 1710 ob
926 1679 1096 1709 causam
1123 1668 1304 1724 collegit
1330 1681 1386 1711 ea
1413 1673 1459 1710 et
1483 1669 1530 1711 in

104 1740 214 1784 artis
242 1741 420 1783 formam
451 1739 636 1794 redegit,
680 1751 788 1794 quae
827 1751 919 1780 cum
955 1739 1178 1795 discipulis
1214 1740 1384 1783 solebat
1420 1754 1530 1783 com-

103 1813 332 1856 municare.
395 1812 541 1855 Potuit
589 1814 730 1853 autem
777 1811 965 1866 suscepti
1008 1811 1152 1866 operis
1194 1812 1529 1866 magnitudinem

103 1884 237 1939 queri,
266 1883 418 1939 quippe
445 1882 606 1938 primus
628 1880 889 1924 rhetoricam
910 1880 1221 1926 institutionem
1235 1882 1397 1937 publici
1411 1882 1526 1937 juris

146 2052 182 2132 ἑ)
210 2050 306 2092 vid.
332 2050 505 2093 Dissert.
533 2055 638 2098 nost.
666 2051 717 2093 de
746 2050 939 2094 Cicerone
967 2052 1218 2105 φιλοπλᾶτωνι
1244 2065 1284 2107 p.
1315 2052 1407 2094 147.

152 2106 184 2215 ³3
212 2106 337 2203 ll-321.
354 2106 592 2203 {ffistoteles
626 2163 789 2216 quidem
823 2163 914 2217 ipse
953 2168 995 2203 et
1032 2176 1123 2203 sese
1158 2165 1294 2217 ipsum
1329 2162 1457 2210 nobis,
1491 2169 1534 2204 et

211 2231 281 2258 eos
307 2218 380 2273 qui
405 2223 501 2259 ante
528 2232 574 2259 se
596 2210 778 2271 'literana
806 2218 850 2259 ἰπ
876 2218 1012 2259 medio
1043 2220 1199 2273 posuit,
1234 2223 1282 2259 ut
1307 2223 1349 2260 et
1375 2224 1531 2260 ceteros

212 2277 254 2313 et
283 2287 327 2314 se
352 2275 489 2327 ipsum
509 2287 591 2327 per
619 2287 663 2314 se
691 2273 1042 2327 coynoseeremus.
1096 2273 1220 2315 Patet
1250 2273 1344 2315 hinc
1366 2275 1454 2328 jam
1482 2288 1531 2315 eo

212 2331 395 2383 tempore
423 2328 583 2371 Romae
621 2329 845 2371 innotuisse
881 2328 1118 2371 Aristotelis
1154 2328 1387 2377 Rhetorica,
1422 2333 1465 2370 et
1504 2342 1531 2370 a

212 2384 407 2426 Cicerone
435 2385 617 2439 perlecta
635 2399 742 2426 esse.
798 2384 972 2439 Neque
981 2399 1078 2427 vero
1117 2384 1319 2434 credibile,
1355 2399 1448 2427 eum
1482 2401 1532 2427 ex

213 2439 463 2493 Apelliconis
511 2439 768 2488 bibliotheca,
827 2453 947 2494 quam
996 2440 1157 2481 vixdum
1198 2440 1315 2481 Sulla
1357 2441 1532 2482 Athenis

214 2494 388 2536 Romam
433 2496 714 2543 arcessiverat,
750 2495 1002 2539 Aristotelea
1035 2495 1138 2537 haec
1180 2496 1350 2551 primum
1387 2510 1528 2550 cogno-

155 2605 175 2630 4
213 2551 336 2650 visigo-
353 2550 444 2648 lssif.
447 2564 590 2647 1ιιῃῖιοε
598 2550 771 2646 D2issert.
788 2554 892 2592 nost.
908 2564 948 2605 p.
964 2551 1030 2592 95.
1051 2552 1092 2592 in
1113 2555 1245 2593 annot.
1265 2551 1526 2592 laudavimus.
