1961 3338
863 240 1228 290 ...1οο-

327 357 442 400 nibil
469 358 590 401 aliud
616 359 729 413 sunt,
749 349 843 403 ‘nisi
871 359 1045 403 scholae
1073 358 1117 401 h.
1146 372 1183 402 e.
1212 358 1522 415 disputationes
1549 356 1752 411 rhetoris,
1780 417 1800 419 =

336 431 384 473 in
413 432 757 486 commentarios,
795 444 899 487 quos
937 431 1189 474 adolescens
1229 431 1452 475 contexuit
1490 428 1654 483 Cicero,
1690 441 1760 472 re-

332 502 453 544 latae
482 500 537 556 ²).
565 501 697 545 Addit
725 502 929 557 denique:
957 504 1002 545 et
1027 503 1072 545 si
1099 513 1189 558 qua
1216 505 1287 545 est
1309 504 1362 545 in
1390 501 1461 545 his
1489 499 1640 556 culpa,
1667 504 1760 543 tra-

329 573 478 618 dentis
506 577 587 619 est.
616 576 745 628 llaec,
775 586 856 630 quo
884 573 1133 630 respiciant,
1161 573 1331 617 dubim
1358 574 1570 617 videatur.
1608 571 1761 617 Corni-

329 645 472 687 ficium
509 646 677 701 quidem
717 645 958 707 significari
1002 643 1223 687 tradentis
1266 645 1437 688 nomine
1480 647 1642 700 putant,
1690 643 1762 699 qui

330 703 597 768 Quintiliano
635 730 886 772 persuasum
928 717 1064 759 fuisse
1110 721 1317 770 statuunt,
1363 718 1487 760 illum
1528 710 1776 760 Rhetorica

329 790 386 830 ad
414 788 678 831 Herennium
706 788 933 842 scripsisse
963 789 1011 840 2).
1041 789 1228 839 Quorum
1255 789 1498 831 sententiae
1526 801 1612 831 non
1640 801 1762 831 acce-

329 861 465 902 dimus
501 864 746 916 propterea,
783 861 894 916 quod
936 861 1058 903 nullo
1102 862 1200 903 loco
1255 861 1548 912 Quintilianus
1591 861 1765 915 integra

328 929 563 972 Rhetorica
599 943 627 972 a
662 930 894 974 Cornificio
936 931 1162 974 elaborata
1207 943 1304 973 esse
1350 932 1498 986 tradit,
1548 932 1626 974 sed
1669 943 1764 974 eum

327 1015 415 1045 non
440 1015 580 1057 pauca
607 1003 836 1057 scripsisse
865 1003 918 1046 de
948 1007 1044 1046 arte
1083 1006 1271 1046 testatur
1300 1002 1350 1057 ὃ).
1405 1004 1623 1047 Disertius
1651 1004 1764 1047 idem
1799 1032 1811 1036 -

329 1076 592 1119 sententiam
630 1076 782 1131 aperit,
821 1088 945 1131 quum
997 1075 1271 1120 Cornificium
1313 1076 1362 1118 in
1408 1088 1553 1119 eorum
1589 1089 1763 1119 numero

329 1150 492 1200 censet,
522 1146 597 1202 qui
626 1146 896 1201 disciplinam
924 1146 977 1188 de
1013 1146 1167 1201 figuris
1207 1160 1294 1189 non
1333 1151 1382 1189 ut
1415 1151 1582 1203 partem
1619 1147 1763 1203 operis

329 1219 687 1272 transcurrerint,
703 1218 780 1260 sed
805 1218 980 1273 proprie
1011 1217 1110 1260 huic
1138 1219 1260 1273 operi
1287 1219 1426 1262 libros
1455 1219 1697 1262 dedicarint
1706 1218 1761 1273 ἰ).

328 1290 447 1345 Ergo
476 1290 702 1345 probabile
732 1294 811 1342 est,
841 1290 1166 1343 Quintilianum,
1204 1291 1278 1333 ubi
1314 1291 1370 1333 in*
1398 1292 1494 1333 loco
1531 1291 1584 1333 de
1612 1290 1764 1346 ligia-is

329 1362 601 1414 versabatur,
618 1362 822 1403 maluisse
843 1361 1025 1403 laudare
1054 1362 1301 1415 singulares
1330 1362 1382 1403 de
1412 1375 1463 1403 eo
1491 1363 1587 1404 loco
1615 1362 1764 1416 libroS,

331 1446 455 1488 quam
483 1433 716 1477 universae
747 1434 856 1476 artis
885 1434 1122 1489 scriptores
1155 1432 1203 1487 ⁵).
1258 1435 1405 1488 Neque
1444 1438 1587 1477 tamen
1614 1432 1765 1489 putan-

329 1504 439 1558 dum,
478 1517 586 1559 quae
625 1505 921 1556 Quintilianus
958 1517 986 1546 a
1023 1504 1254 1548 Cornificio
1295 1508 1479 1560 repetat,
1519 1518 1573 1548 ea
1607 1506 1764 1548 iccirco

333 1574 460 1630 hujus
499 1576 678 1631 propria
704 1576 885 1618 inventa
912 1576 1158 1620 existimari
1185 1576 1355 1619 debere.
1408 1578 1623 1632 Nusquam
1652 1578 1764 1619 enim

330 1648 599 1690 inventionis
628 1648 798 1691 laudem
827 1647 1058 1692 Cornificio
1099 1647 1306 1703 impertit,
1332 1638 1422 1691 =sed
1462 1646 1554 1703 ejus
1580 1652 1766 1692 'senten-

331 1720 437 1763 tiam
465 1720 722 1776 simplieiter
748 1721 891 1763 refert
918 1718 969 1774 ⁰).
1009 1722 1153 1772 Quare
1181 1719 1295 1762 nihil
1323 1720 1429 1763 falsi
1455 1721 1573 1764 inest
1599 1721 1764 1764 Heren-

330 1793 475 1835 nianis
503 1794 664 1846 verbis,
693 1794 845 1848 quibus
874 1794 1073 1846 affirmat,
1102 1807 1150 1835 se
1178 1793 1359 1848 primum
1387 1794 1656 1836 convertisse
1686 1808 1762 1836 no-

330 1865 448 1907 mina
472 1877 619 1908 rerum
646 1864 829 1917 Graeca,
858 1877 909 1907 ac
949 1865 1110 1918 vereri,
1150 1878 1204 1907 ne
1247 1865 1444 1920 quoniam
1483 1878 1510 1908 a
1538 1871 1762 1908 consuetu-

329 1937 430 1979 dine
459 1937 602 1980 latina
628 1941 795 1979 remota
824 1937 923 1989 sint,
953 1937 1176 1991 asperiora
1204 1937 1436 1979 videantur
1466 1936 1516 1990 ⁷).
1552 1938 1763 1992 Exempla

333 2012 474 2052 autem
501 2010 613 2064 quod
639 2010 775 2051 multa
803 2008 1236 2063 utrique'eommunia
1253 2008 1486 2060 videamus,
1501 2022 1588 2051 non
1615 2009 1765 2051 mirum

334 2094 431 2124 esse
482 2080 622 2135 debet,
660 2081 699 2124 si
738 2080 906 2138 quidem
945 2093 1036 2124 mos
1079 2083 1177 2124 erat
1219 2078 1452 2134 rhetorum,
1496 2092 1767 2138 quaecunque

379 2220 413 2272 ¹)
443 2218 672 2274 Spaldingii
701 2221 769 2260 est
798 2217 851 2259 ad
879 2216 1014 2268 Quint.
1043 2217 1069 2260 l.
1101 2217 1127 2260 l.
1155 2215 1518 2259 vid..Burmannus
1545 2216 1572 2258 Ι.
1596 2216 1624 2259 l.

376 2277 410 2328 2)
441 2275 503 2316 Cf.
533 2274 651 2329 Disp.
679 2288 717 2316 ιι.
745 2288 786 2329 p.
819 2274 883 2316 10.

371 2332 513 2439 δζῐιέζι.
539 2331 584 2428 ἑξ.
611 2385 673 2427 Cf.
702 2384 838 2427 Burm-
867 2399 919 2439 ap
922 2383 1128 2434 .Schutz.
1155 2381 1338 2425 Ptooem.
1367 2382 1545 2478 l.fp.18
1644 2394 1648 2398 ·
1818 2395 1822 2400 ·

375 2443 410 2496 ⁵)
440 2441 535 2481 Vid.
569 2440 789 2481 Westerm.
817 2399 919 2495 Op.p
927 2440 953 2480 l.
981 2452 1020 2493 p.
1052 2438 1143 2478 191.
1172 2441 1257 2478 not.
1286 2437 1352 2478 ll.
1383 2451 1405 2478 c
1471 2443 1552 2479 not.
1594 2437 1657 2479 10.
1699 2439 1766 2479 ubi

440 2510 651 2552 perperam
682 2499 824 2537 censet
852 2511 876 2537 e
904 2495 1006 2537 locis
1033 2492 1316 2544 Quintilianeis
1344 2495 1518 2548 probari,
1554 2491 1650 2536 huie
1678 2508 1768 2536 auc-

441 2554 519 2593 tori
548 2554 750 2607 cognitum
777 2566 880 2605 opus
910 2552 1051 2593 fuisse.
1077 2550 1168 2591 Hoc
1193 2554 1326 2597 tenen,
1353 2550 1451 2591 illud
1478 2563 1593 2605 nego.

373 2608 411 2661 ⁶)
442 2607 495 2648 V.
528 2607 591 2651 10.
620 2606 692 2650 lx.
720 2606 758 2648 2.
786 2566 830 2649 3Ρ

378 2668 410 2718 7)
439 2664 510 2706 lv.
539 2664 581 2706 7.
